2826 3982
1395 221 1451 262 26

338 350 377 386 Τ.
415 350 557 387 flavius
586 350 752 388 nouimus
776 351 921 395 209s'10.
2065 351 2655 397 T FIaviusDecimus209s10.

198 410 422 446 Proconsul
449 411 534 446 At’r.
563 412 663 446 Vide
692 412 852 447 titulum
881 412 921 448 C.
942 412 970 447 I.
991 412 1034 446 L.
1065 413 1157 447 VIII
1189 414 1279 448 1217
1306 412 1444 448 Severi
1474 423 1582 448 anno
1610 413 1699 449 trib.
1723 418 1801 459 pot.
1823 409 1934 448 XVII

194 472 286 518 imp.
315 471 392 508 XII
420 483 498 508 cos.
528 472 595 508 III.
649 472 877 507 Tissotus
905 483 999 518 pag.
1028 472 1107 508 142.

342 530 513 568 claudius
541 531 708 569 lulianus.
1125 533 1128 535 “
2060 533 2132 575 Qu.
2160 532 2337 570 Flavius
2363 533 2549 580 Scapula
2567 532 2656 569 Ter-

198 591 421 644 Proconsul
448 591 534 627 At‘r.
579 592 679 628 Vide
708 593 870 628 titulum
902 592 942 629 C.
972 593 998 628 I.
1028 593 1071 628 L.
1101 593 1192 630 VIII
1220 594 1325 630 4⁸45.
1370 594 1514 629 Annus
1544 595 1710 641 ignotus
1738 598 1807 630 est.
1858 593 1933 629 Hic
1964 605 1967 639 j
2008 594 2136 629 tullus
2163 596 2376 631 210—213.

196 652 381 687 Iulianus
408 653 514 688 idem
543 653 717 689 habetur
745 658 869 698 atque
884 654 1043 700 Appius
1060 653 1257 689 Claudius
1277 654 1458 689 Iulianus
1489 656 1616 699 praef.
1649 664 1838 689 annonae
1864 654 1930 688 201
1964 655 1966 701 ξ

197 714 324 757 praef.
346 717 473 757 praet.
495 713 566 748 202
584 714 730 748 iterum
751 714 894 748 consul
914 713 984 749 224
1004 715 1130 759 praef.
1157 715 1248 749 urbi
1269 714 1348 748 234.
1377 713 1603 749 Tissotus
1630 725 1723 760 pag.
1745 714 1815 749 147
1840 714 1933 748 huic
1964 716 1966 745 l
2059 712 2259 750 Claudius
2293 714 2483 751 Iulianus
2515 714 2656 759 213s14

197 783 307 818 proc.
336 778 417 807 tres
445 783 576 809 annos
605 775 922 819 proconsulatus
951 764 1089 809 nescio
1117 785 1198 820 qua
1227 776 1384 810 ratione
1413 778 1547 809 motus
1573 775 1724 809 tribuit.
1964 772 1965 798 ἒ
2011 774 2068 809 vel
2099 773 2250 818 214s15.

341 832 517 869 Maximus
544 834 691 878 ⁵217s18.
1964 823 1965 836 ¹
2056 832 2217 869 Annius
2251 833 2304 880 (ἓ)
2339 834 2552 872 Maximus
2579 836 2656 872 215

199 892 349 928 Iterum
379 894 598 939 proconsul
626 894 711 930 Afr.
741 905 849 930 anno
877 896 966 930 trib.
996 899 1075 940 pot.
1104 895 1178 930 XX
1209 894 1305 940 Imp.
1335 894 1446 930 Caes.
1475 894 1522 928 M.
1552 894 1704 929 Aurelii
1732 921 1738 927 .
1768 921 1774 927 .
1805 921 1811 928 .
1838 895 1932 929 Par·
2008 896 2112 929 —17.

195 953 291 987 thici
320 954 486 988 maximi
515 953 750 991 Britannici.
803 954 904 990 Vide
941 954 1115 1001 lapidem
1143 955 1369 990 milliarium
1399 955 1609 991 inventum
1638 954 1748 1001 apud
1775 955 1933 991 Hadru-

198 1020 348 1049 metum
370 1013 551 1056 (Soussa)
572 1015 812 1058 Tissotus‚
833 1017 899 1060 qui
921 1016 1026 1049 hunc
1049 1016 1206 1050 titulum
1228 1016 1356 1058 affert,
1385 1026 1475 1049 cum
1497 1025 1712 1061 perperam
1739 1016 1933 1061 interprc-
1962 1012 1964 1027 ¹

197 1078 308 1109 tatur
336 1074 487 1118 dicens,
517 1074 716 1111 PROCOS
742 1075 779 1110 ΙΙ
810 1076 1040 1120 significare
1074 1086 1225 1109 annum
1259 1075 1483 1109 secundum
1513 1076 1835 1119 proconsulatus,
1864 1076 1932 1120 qui

198 1133 334 1169 nullus
362 1138 449 1169 erat
478 1137 586 1181 (pag.
611 1135 703 1177 148).
743 1135 862 1172 Hunc
886 1134 1104 1171 Maximum
1133 1135 1308 1171 eundem
1336 1146 1424 1170 esse
1453 1139 1576 1180 atque
1604 1134 1781 1170 Annium
1809 1135 1932 1170 Maxi·
1962 1161 1965 1180 1

198 1204 321 1238 mum,
349 1195 557 1229 consulem
587 1196 838 1230 ordinarium
868 1197 963 1230 anni
990 1196 1070 1239 207,
1100 1195 1281 1229 coniicio.
1963 1181 1964 1188 ἵ

343 1253 378 1289 Ι..
407 1253 543 1290 Marius
572 1253 606 1289 L.
634 1254 658 1290 f.
687 1254 863 1291 Maximus
890 1254 1089 1300 Perpetuus
1118 1253 1329 1290 Aurelianus
1357 1255 1492 1299 '2¹9l‘20
1519 1255 1582 1289 vel
1609 1254 1729 1299 220sl.
1962 1259 1964 1308 j
2055 1256 2100 1290 L.
2129 1253 2294 1291 Marius
2322 1253 2535 1292 Maximus
2563 1257 2656 1293 I'er-

195 1313 290 1349 Dux
326 1314 496 1350 militum
525 1313 845 1350 Severianorum
874 1315 985 1361 apud
1008 1315 1251 1361 Byzantium
1285 1320 1323 1350 et
1351 1314 1613 1360 Lugdunum,
1648 1315 1795 1350 deinde
1823 1326 1931 1351 cons.
1962 1310 1964 1329 ³
2007 1317 2160 1360 petuas
2187 1315 2398 1351 218—221.

196 1375 285 1409 suff.
321 1375 482 1420 legatus
508 1374 698 1421 Augusti,
737 1380 982 1422 propactore
1016 1387 1159 1422 provv.
1188 1375 1390 1422 Belgicae,
1428 1374 1672 1411 Germaniae
1702 1377 1770 1411 int'.
1798 1375 1932 1412 Caele·
1963 1381 1964 1421 l

198 1436 345 1480 syriae,
373 1434 508 1477 Asiae,
537 1435 701 1470 Africae
729 1438 857 1481 praef.
888 1436 981 1471 urbi
1008 1437 1077 1471 217
1106 1436 1195 1471 Dio
1224 1437 1279 1480 78,
1309 1437 1363 1471 14.
1393 1438 1448 1473 79,
1477 1437 1509 1471 2.
1562 1436 1710 1472 Consul
1739 1436 1822 1471 ord.
1851 1437 1931 1472 223.

195 1495 340 1531 Klein
369 1496 460 1531 fasti
490 1495 546 1530 96.
599 1495 815 1531 Habemus·
840 1501 1035 1541 quattuor
1062 1498 1358 1542 inscriptiones,
1388 1508 1493 1542 quae
1528 1498 1614 1531 eius
1645 1508 1792 1532 nomen
1820 1505 1933 1543 prae—

195 1557 291 1591 bent
328 1561 365 1591 et
403 1566 566 1591 cursum
598 1556 793 1591 honorem
829 1567 902 1591 nos
931 1556 1089 1591 docent.
1143 1556 1310 1600 Tamen,
1351 1568 1433 1601 quo
1464 1568 1572 1592 anno
1601 1558 1932 1602 proconsulatum
1963 1554 1964 1557 ’

192 1616 358 1651 Africae
387 1616 620 1659 obtinuerit,
659 1615 818 1651 definiri
845 1616 997 1662 nequit.
1053 1616 1406 1661 Wadding·to11
1434 1617 1454 1651 l.
1485 1618 1506 1652 l.
1535 1628 1592 1651 nr.
1623 1618 1690 1652 167
1724 1622 1818 1652 ante
1846 1618 1933 1652 eius
1963 1631 1965 1645 ι

193 1677 449 1711 consulatum
478 1678 630 1710 factum
658 1687 756 1719 esse,
785 1676 1052 1721 probabiliter
1079 1677 1263 1711 coniecit.
1316 1676 1416 1711 Vide
1445 1677 1692 1712 Tissotum
1719 1688 1811 1723 pag.
1840 1677 1919 1712 153.

1382 1846 1463 1889 III.

525 1944 740 2001 Librum
787 1946 854 2001 de
897 1944 1220 2019 poenitentia
1272 1945 1488 2001 ineunte
1533 1965 1670 2001 anno
1720 1946 1833 2002 ‘205
1876 1946 2131 2020 scriptum
2176 1965 2311 2007 esse.

1086 2038 1313 2093 maxime
1356 2039 1627 2111 probabile
1672 2045 1767 2093 est.

336 2164 466 2205 Inter
499 2165 678 2205 amicos
711 2169 757 2206 et
791 2163 1086 2205 necessarios
1107 2165 1119 2188 ¹
1155 2163 1320 2205 Severi
1353 2163 1560 2206 maxime
1594 2163 1764 2206 claruit
1799 2162 1848 2206 C.
1867 2162 2064 2206 Fulvius
2096 2162 2387 2216 Plautianus,
2421 2163 2495 2205 vir
2527 2163 2652 2205 omni

193 2249 252 2278 ex
286 2241 422 2291 parte
456 2236 627 2277 Seiano
669 2240 715 2277 et
748 2235 951 2277 Perenni
993 2240 1039 2277 et
1073 2234 1308 2278 Cleandro
1348 2235 1709 2290 comparandus.
1774 2235 2050 2278 Plautianus
2088 2235 2278 2278 natione
2312 2235 2440 2289 Afer,
2489 2234 2653 2278 humili

193 2309 294 2350 loco
328 2313 483 2362 natus,
518 2312 712 2363 propter
745 2308 1023 2350 seditionem
1056 2308 1151 2350 iam
1184 2308 1326 2350 exilio
1359 2308 1599 2361 multatus,
1634 2312 1684 2350 ut
1716 2308 2017 2351 Herodianus
2049 2307 2240 2362 quidem
2279 2311 2456 2359 narrat,
2496 2308 2542 2349 in
2575 2307 2653 2349 Se-

193 2381 294 2422 veri
328 2381 544 2422 intimam
580 2384 630 2421 ut
663 2380 980 2421 arctissimam
1015 2380 1273 2421 amicitiam
1307 2379 1526 2434 pervenit
1560 2379 1625 2422 ita
1659 2379 1864 2434 quidem,
1904 2383 1955 2421 ut
1993 2378 2208 2422 homines
2241 2382 2423 2422 tantam
2456 2378 2653 2422 familia-

194 2453 383 2494 ritatem
418 2453 519 2493 sine
554 2453 678 2506 turpi
713 2465 875 2493 amore
910 2453 1034 2493 inter
1067 2464 1147 2493 eos
1186 2452 1483 2495 intercedere
1523 2463 1615 2493 non
1655 2463 1793 2506 posse
1826 2451 2184 2506 suspicarentur
2202 2451 2231 2493 ².
2296 2449 2654 2504 Quomodocun-

191 2537 281 2578 que
316 2524 439 2566 haec
471 2536 548 2565 res
582 2536 632 2565 se
666 2523 844 2574 habuit,
885 2523 1164 2566 Plautianus
1196 2524 1374 2565 intimis
1407 2522 1572 2565 Severi
1606 2523 1814 2564 consiliis
1846 2522 1972 2565 bello
2004 2514 2227 2576 domique*
2256 2534 2341 2577 per
2373 2521 2538 2565 decem
2571 2535 2653 2565 an-

193 2609 276 2638 nos
310 2595 537 2638 interfuit.
584 2595 685 2637 Iam
719 2608 843 2637 anno
881 2596 964 2637 193
999 2596 1288 2650 simulatque
1307 2595 1513 2638 Severus
1545 2595 1805 2651 impera-tor
1837 2594 2106 2649 appellatus
2138 2596 2222 2648 est,
2256 2593 2317 2637 ad
2349 2594 2654 2650 occupandos

189 2668 322 2722 Nigri
356 2668 531 2711 liberos
565 2668 626 2711 ab
661 2681 715 2710 eo
748 2668 919 2710 missus
953 2673 1023 2711 est
1044 2670 1074 2723 ³,
1110 2681 1234 2711 anno
1268 2671 1428 2711 autem
1465 2668 1563 2722 196,
1597 2668 1839 2710 tribunum
1869 2666 2073 2709 cohortis
2096 2666 2308 2710 decimae
2331 2668 2652 2722 praetoriano-

189 2754 292 2783 rum
325 2741 634 2796 inscriptione
674 2752 803 2795 arae,
843 2752 987 2795 quam
1026 2740 1128 2796 ipse
1167 2740 1228 2783 ad
1262 2740 1669 2795 comprimendam
1702 2739 1980 2782 seditionem
2012 2738 2315 2782 Albinianam
2353 2752 2439 2795 per
2470 2740 2653 2782 Panno-

189 2814 317 2856 niam
342 2813 651 2868 proficiscens
674 2812 963 2854 Poetavione
987 2813 1143 2867 posuit
1162 2813 1192 2865 ⁴,
1228 2825 1334 2854 eum
1370 2812 1513 2854 fuisse
1547 2815 1747 2853 constat.
1796 2811 1850 2852 In
1884 2810 2181 2865 expeditione
2209 2811 2408 2865 Syriaca
2441 2812 2652 2854 secunda

335 2956 346 2980 ¹
374 2957 434 2993 De
462 2958 603 2992 amicis
633 2962 671 2991 et
702 2957 943 2991 necessariis
971 2955 1193 2991 Caesarum
1222 2956 1355 2990 recole
1384 2956 1532 3001 animo,
1572 2964 1679 2998 quae
1715 2954 1871 2998 scripsit
1900 2953 2243 2996 Friedlander‚
2284 2953 2652 3000 Sittengeschichte

190 3017 310 3051 Roms
338 3017 401 3051 VI.
431 3017 501 3051 Ed.
530 3021 555 3051 t.
585 3016 599 3051 Ι
628 3027 723 3062 pag.
755 3016 822 3050 133
849 3027 959 3062 seqq.
987 3021 1027 3051 et
1055 3016 1105 3050 (le
1135 3016 1361 3058 Plautiano,
1392 3024 1498 3060 quae
1529 3013 1679 3049 ibidem
1708 3024 1801 3058 pag.
1828 3013 1897 3048 219
1923 3013 2127 3059 leguntur.

330 3075 345 3098 ’3
371 3077 547 3112 Herod.
575 3077 633 3111 III
662 3077 717 3110 10.

331 3136 346 3159 ³
371 3136 398 3172 S
441 3141 526 3171 art.
554 3135 646 3172 Sev.
673 3136 697 3171 6
734 3136 790 3171 10.

328 3196 344 3218 ⁴
372 3149 616 3241 Pijaestitofi]
645 3163 733 3230 lori
753 3195 790 3231 S.
808 3195 847 3230 C.
864 3195 1031 3230 Fulvius
1057 3195 1311 3236 Plautianus,
1338 3193 1529 3229 tribunus
1550 3192 1687 3227 coh.X
1715 3197 1840 3238 praet.
1869 3193 1999 3228 cultor
2020 3193 2197 3228 numinis
2224 3193 2361 3239 ipsius,
2390 3193 2653 3245 proficiscens

189 3256 245 3302 ad·
269 3255 576 3302 opprimendam
603 3256 824 3291 factionem
853 3255 1107 3290 Gallicanam
1135 3256 1249 3289 iussu
1279 3252 1474 3299 principis
1502 3252 1562 3287 sui
1592 3263 1703 3287 aram
1732 3253 1848 3287 istam
1876 3254 2022 3307 posuit.
2078 3252 2180 3298 Vide
2206 3252 2253 3288 A.
2280 3264 2375 3289 von
2393 3252 2649 3302 Premmer-

188 3316 316 3350 stein
342 3317 381 3350 in
410 3315 625 3351 Archaeol.
657 3315 786 3361 epigr.
815 3314 1127 3361 Mittheilungen
1156 3324 1231 3349 aus
1259 3312 1519 3349 Oesterreicb
1550 3313 1642 3347 1888
1669 3323 1762 3358 pag.
1793 3313 1871 3348 131.
1924 3312 1964 3349 C.
1993 3312 2020 3348 I.
2048 3311 2092 3347 L.
2121 3312 2178 3348 III
2205 3313 2310 3350 4037.
