2826 3982
1429 300 1488 355 11¹

219 433 429 477 laetitiae
448 484 450 491 k
469 434 517 476 in
549 434 764 482 domibus
797 446 960 476 eorum
992 434 1172 493 frustra.
1213 433 1431 488 quaesita
1479 444 1597 486 esse,
1646 445 1707 481 ex
1756 433 2028 475 coniectura
2077 431 2462 486 probabilissima
2511 430 2669 483 colligi

218 501 387 561 potest,
419 507 715 561 approbante
747 506 793 548 id
823 507 904 547 vel
935 500 1080 561 etiam
1112 494 1313 551 ὶιιὺθηίεό
1327 505 1632 557 Tertulliano,
1667 506 1746 558 qui
1780 504 1894 546 talia
1927 505 2063 557 signa
2096 509 2143 546 et
2171 501 2668 556 'symbOIa'ethnicum

218 578 331 633 quid
363 589 532 633 sapere
564 576 910 632 opinabatur&
941 565 1144 637 *Quanto
1191 562 1353 620 autem
1400 574 1568 620 maiori
1609 580 1656 620 et
1689 576 1824 635 quasi
1858 577 2085 620 effrenato
2134 575 2317 630 gaudio
2342 573 2476 617 cives
2509 586 2673 617 omnes

219 649 307 693 sibi
338 649 717 704 gratulabantur,
750 661 806 692 eo
838 648 990 703 magis
1022 642 1208 702 illorum
1256 648 1440 692 incuria
1487 651 1534 692 et
1582 646 1731 703 frigus
1764 647 2137 709 improbabatur,
2171 646 2434 703 praecipue
2466 658 2494 688 a
2528 645 2674 699 magi-

219 721 445 765 stratibus
477 719 626 776 partis
658 715 960 763 severianae.
1024 719 1148 764 Hinc
1181 720 1283 774 fieri
1314 716 1479 776 potuit,
1513 720 1563 763 u't
1597 718 1868 775 Christiani,
1918 719 2138 776 quamvis
2187 719 2235 762 in
2274 719 2382 762 aliis
2415 718 2674 774 provinciis

218 793 492 849 tranquille„
522 793 755 844 viventes,
804 792 851 834 in
884 792 1048 841 Africa
1095 805 1125 835 a
1171 781 1469 848 praesidibus
1507 797 1800 837 vexarentur
1847 796 1894 835 et
1940 792 2076 848 quasi
2124 792 2329 835 rebelles
2378 791 2671 847 punirentur.

218 864 354 920 Quae
388 877 533 920 quum
564 864 631 906 ita
664 864 770 917 sint,
819 858 1198 919 persecutionem
1245 863 1389 918 illam,
1438 861 1496 906 de
1529 878 1623 919 qua
1655 864 1975 907 Tertullianus
2023 865 2068 906 in
2103 865 2415 920 Apologetica
2450 864 2669 918 loquitur,

217 938 421 981 eandem
453 936 646 990 habere,
679 947 804 990 quae
836 935 1024 990 proprie
1058 934 1319 977 Severiana
1351 936 1536 990 dicitur,
1571 950 1663 978 non
1697 943 1768 978 est
1801 950 2012 979 necesse.

363 1008 461 1050 His·
485 1009 628 1062 igitur
665 1007 884 1049 stabilitis
923 1007 1038 1049 nihil
1076 1008 1246 1061 obstat,
1294 1008 1543 1062 quominus
1592 1009 1763 1050 librum
1810 1009 2171 1063 Apologetieuni
2219 1009 2314 1050 iam
2361 1013 2474 1050 ante
2524 1008 2669 1049 edicti

218 1081 465 1124 Severiani
503 1079 929 1135 promulgationem
967 1080 996 1121 i.
1030 1092 1069 1122 e.
1104 1084 1214 1122 ante
1254 1093 1430 1122 annum
1463 1081 1545 1121 201
1584 1080 1811 1134 scriptum
1844 1093 1947 1122 esse
1981 1085 2212 1135 putemus,
2261 1093 2552 1135 quamquam
2587 1079 2667 1122 alii

215 1155 355 1197 aliter
386 1156 636 1197 senserunt
647 1154 676 1195 2.

362 1224 456 1269 Isto
489 1235 615 1268 nunc
647 1224 868 1280 scrupulo
900 1224 1078 1279 evulso,
1114 1224 1331 1268 venimus
1363 1223 1425 1268 ad
1458 1223 1590 1268 illum
1624 1216 1768 1267 unum
1804 1224 1962 1267 locum
1985 1224 2295 1280 Apologetici,
2329 1224 2408 1281 qui
2442 1224 2667 1281 temporis

218 1298 482 1354 praesentis
530 1301 691 1341 notam
719 1288 1005 1352 *impositam
1052 1309 1167 1352 prae
1216 1309 1266 1341 se
1315 1298 1418 1341 fert.
1484 1296 1627 1341 Cuius
1659 1297 1780 1340 haec
1814 1302 1921 1340 sunt
1956 1297 2128 1340 verba:
2179 1299 2268 1340 &ed
2316 1303 2356 1340 et
2404 1299 2479 1354 qui
2528 1312 2668 1341 nunc

216 1371 507 1414 scelestarum
548 1370 756 1426 partium
802 1370 912 1412 soca·
960 1374 1000 1413 et
1042 1371 1284 1426 plausores
1323 1370 1519 1425 quoti-die
1559 1369 1832 1416 revelantur,
1877 1374 1981 1426 post
2022 1369 2290 1412 vindemiam
2319 1371 2664 1425 parricidareme

217 1443 464 1486 racematio
496 1446 724 1498 superstes
756 1442 890 1496 Apol.
924 1454 964 1484 c.
998 1442 1069 1484 35.
1135 1441 1270 1495 Quae
1318 1442 1445 1484 facta
1492 1433 1628 1484 illius>
1650 1442 1874 1496 temporis
1907 1442 1996 1483 hoc
2030 1442 2132 1484 loco
2166 1442 2460 1489 denotentur,
2510 1442 2667 1495 colligi

217 1518 371 1570 potest
403 1527 463 1556 ex
495 1513 657 1556 verbis
690 1513 1109 1568 praecedentibus:
1168 1515 1292 1556 Unde
1329 1514 1487 1566 Cassii,
1539 1515 1674 1571 Xiyri
1722 1519 1763 1556 et
1803 1514 1988 1556 Albini?
2051 1513 2208 1566 Quum
2241 1513 2405 1563 Cassii,
2455 1514 2534 1567 qui
2575 1514 2668 1555 iam

218 1594 429 1642 tempore
452 1585 512 1628 M.
536 1585 715 1628 Aurelii
738 1585 1003 1640 rebellavit,
1038 1583 1246 1628 fautores
1279 1591 1325 1628 et
1358 1586 1603 1641 plausores
1635 1598 1759 1628 anno
1797 1586 1880 1628 198
1914 1586 1996 1628 vix
2032 1586 2113 1628 ulli
2145 1590 2447 1641 superessent
2480 1586 2667 1640 istaque

216 1664 347 1715 certe
396 1657 540 1701 factio
577 1657 813 1707 ,oblivioni
861 1657 957 1699 iam
1005 1657 1182 1699 dudum
1214 1657 1326 1699 data
1360 1663 1499 1712 esset,
1534 1658 1704 1700 verba:
1740 1657 1888 1715 ‘Niyri
1922 1663 1962 1699 et
1996 1658 2163 1700 Albine*
2196 1657 2451 1699 scrutanda
2487 1665 2533 1699 et
2567 1670 2669 1712 pre-

217 1731 391 1772 menda
424 1733 532 1772 sunt
565 1729 713 1784 iisque
748 1729 857 1771 solis
890 1729 1201 1771 insistendum
1233 1733 1318 1771 est'.

361 1801 552 1856 Quanta
585 1801 710 1844 enim
743 1801 1023 1843 crudelitate
1057 1806 1104 1844 et
1136 1801 1401 1857 pertinacia
1433 1801 1638 1844 Severus
1672 1802 1719 1844 in
1752 1814 1915 1844 omnes
1948 1802 2251 1844 adversarios
2284 1814 2392 1844 suos
2425 1802 2665 1845 saevierit.

216 1875 472 1923 memoriae
504 1875 566 1915 ab
599 1874 821 1916 historiae
856 1874 1163 1928 scriptoribus
1196 1874 1432 1929 proditum
1465 1880 1549 1916 est.
1614 1875 1861 1916 Neminem
1895 1887 2101 1929 prorsus,
2151 1875 2231 1929 qui
2265 1874 2396 1928 Nigri
2430 1882 2475 1916 et
2507 1875 2665 1916 Albini

216 1949 429 2002 partibus
461 1947 746 1990 adhaeserat
763 1948 847 1994 *vel
870 1947 1055 1988 occulte
1089 1947 1290 2000 faverat,
1324 1947 1524 1988 inultum
1556 1959 1660 1989 esse
1694 1960 1863 2002 passus
1895 1952 1979 2001 est,
2014 1947 2097 1989 sed
2121 1948 2222 1988 sive
2252 1947 2464 2001 ingenita
2499 1948 2666 1988 crude-

215 2020 347 2062 litate
381 2020 482 2061 sive
505 2019 698 2060 consilio
732 2019 914 2071 ductus,
948 2019 1009 2060 ad
1043 2031 1187 2059 unum
1220 2031 1382 2060 omnes
1415 2031 1441 2061 e
1474 2020 1627 2060 medio
1659 2019 1861 2073 sustulit,
1895 2023 1946 2060 ut
1978 2019 2098 2061 filios
2130 2032 2238 2061 suos
2271 2020 2517 2061 etiamtum
2550 2020 2667 2061 adu-

216 2093 450 2134 lescentes
482 2091 616 2144 regni
650 2091 881 2146 haeredes
913 2090 1148 2132 redderet.

359 2161 518 2215 Quare
567 2174 660 2204 non
692 2162 840 2204 semel
887 2161 970 2203 sed
1016 2149 1186 2204 iterum
1219 2162 1484 2216 iterumque
1517 2166 1565 2205 et
1597 2162 1687 2204 viri
1736 2163 1971 2206 senatorio
2020 2166 2102 2205 aut
2141 2163 2349 2217 equestri
2382 2163 2545 2206 ordine
2580 2164 2664 2206 ful-

214 2237 381 2288 gentes
413 2236 461 2277 et
498 2244 720 2289 proceres
767 2232 1120 2287 provinciarum
1146 2234 1200 2276 ‘et'
1233 2232 1364 2276 cives
1396 2232 1595 2276 Romani
1627 2234 1878 2288 proscripti
1909 2236 1957 2277 et
1990 2234 2148 2277 necati
2181 2236 2303 2287 sunt,
2346 2234 2425 2289 qui
2459 2246 2583 2277 novo
2617 2239 2664 2278 et

214 2304 424 2350 inaudito
458 2303 644 2349 nomine
678 2303 1047 2348 insidiatores
1080 2303 1456 2365 parricidales
1503 2304 1564 2364 ab
1614 2315 1668 2347 eo
1702 2304 2050 2348 vocitabantur.
2115 2304 2306 2348 Punivit
2352 2308 2513 2349 autem
2548 2316 2663 2350 vere

213 2388 411 2422 severus
445 2388 557 2421 vere
597 2376 817 2433 pertinax
864 2387 956 2419 non
1005 2376 1154 2420 solum
1202 2376 1413 2420 aemulos
1453 2375 1637 2432 imperii
1686 2379 1943 2432 eorumque
1992 2380 2220 2430 cognatos
2268 2381 2315 2420 et
2355 2377 2470 2421 belli
2501 2365 2664 2429 duces⁹

212 2450 405 2500 amicos,
440 2450 662 2502 fautores,
696 2461 863 2490 verum
895 2449 1039 2490 etiam
1071 2448 1267 2508 integris
1299 2449 1573 2490 civitatibus
1606 2449 1773 2490 eadem
1808 2449 1865 2490 de
1899 2461 2045 2490 causa
2079 2449 2183 2491 iura
2217 2449 2450 2491 diminuit.

358 2521 449 2564 Sed
482 2522 667 2575 singula
700 2521 995 2576 proferamus
1027 2524 1224 2576 oportet,
1258 2533 1380 2576 quae
1414 2521 1472 2563 de
1505 2521 1613 2563 hoe
1627 2533 1679 2563 re
1712 2522 1968 2563 memoriae
2001 2521 2191 2577 prodita
2225 2526 2347 2564 sunt.

357 2593 617 2634 Pescennio
651 2605 811 2649 mense
844 2592 962 2634 Nov.
995 2605 1038 2633 a.
1077 2593 1161 2634 194
1193 2593 1240 2633 in
1274 2592 1412 2649 Syria
1444 2588 1742 2647 interempto,
1762 2578 1981 2634 Severus
2014 2592 2202 2654 punivit
2235 2594 2337 2634 eius
2370 2595 2584 2635 asseclas
2618 2595 2665 2635 in

210 2666 349 2719 Syria
383 2665 707 2717 consistentes,
756 2669 1015 2740 quantum
1034 2665 1185 2730 potuit
1232 2669 1280 2706 et
1319 2660 1403 2719 pro
1437 2670 1701 2722 temporum
1752 2664 2121 2727 circumstantiis
2168 2669 2334 2719 aptum
2367 2666 2663 2707 videbat-ur3.

213 2738 250 2779 E
299 2738 534 2779 senatorio
582 2737 744 2779 ordine
793 2750 887 2790 eOS,
936 2734 1016 2791 qui
1065 2750 1173 2779 eum
1206 2737 1350 2792 Nigro
1399 2737 1574 2780 ducum
1621 2738 1701 2779 vel
1749 2737 2043 2779 tribunorum
2091 2738 2282 2780 nomine
2323 2738 2664 2792 militaverant,

211 2809 398 2862 occidit,
446 2808 843 2850 Antiochensibus
890 2809 1039 2851 multa
1086 2809 1190 2851 iura
1222 2809 1414 2856 ademit,
1463 2809 1675 2863 aliasque
1710 2809 1929 2851 civitates
1962 2808 2174 2851 eiuSdem
2205 2809 2358 2863 *partis
2389 2810 2549 2852 multis
2598 2810 2665 2853 in-

212 2881 343 2923 iuriis
376 2885 422 2923 et
455 2880 639 2922 damnis
672 2880 844 2923 affec-it.
888 2879 1071 2923 Viduae
1104 2880 1552 2936 autemlliberisque
1586 2879 1831 2923 Pescennii
1864 2885 1978 2923 tunc
2011 2880 2240 2936 pepercit,
2274 2881 2322 2923 in
2355 2880 2549 2923 exilium
2582 2894 2664 2924 eos

211 2952 366 3006 egisse
400 2955 664 2994 contentus.

359 3143 369 3166 ¹
399 3144 460 3179 Id.
488 3144 537 3179 de
565 3154 645 3178 cor.
673 3155 705 3178 c.
734 3144 863 3187 8—10,
892 3143 941 3178 de
968 3143 1061 3178 idol.
1088 3153 1120 3178 e.
1150 3144 1205 3178 15.
2258 3173 2263 3176 .

357 3202 457 3239 -‘Ex
485 3215 545 3250 gr.
577 3203 611 3240 G
621 3205 699 3239 uil.
727 3203 869 3248 Can,
900 3204 965 3240 eui
993 3204 1251 3239 veiisimilius
1278 3204 1451 3248 videtur,
1480 3205 1674 3250 scriptum
1702 3213 1789 3238 esse
1818 3203 2101 3248 persecutioni(
2117 3207 2244 3239 sexta
2272 3204 2380 3239 eirea
2407 3215 2444 3240 a.
2469 3203 2554 3248 202,
2583 3215 2665 3250 quo

212 3264 390 3314 Severus·
430 3264 588 3315 aliquos
620 3264 870 3315 Christianos
902 3265 988 3300 fieri
1027 3265 1102 3300 sub
1133 3265 1253 3322 giaxi
1291 3274 1424 3311 poena
1465 3266 1605 3300 vetuit.
1657 3264 1755 3299 Hist.
1784 3264 1854 3298 litt.
1881 3263 2015 3309 script.
2044 3264 2139 3298 eccl.
2166 3269 2191 3299 t.
2211 3263 2241 3298 Ι
2265 3274 2309 3311 p.
2336 3264 2661 3302 42ed.1Genex.

211 3328 340 3367 Quem
368 3326 528 3379 refellit
539 3325 575 3360 J.
602 3320 647 3368 L.
674 3311 910 3380 Mosheini
939 3317 1031 3361 vi'de
1056 3314 1248 3361 Oelil'er
1268 3319 1368 3400 0191).
1385 3320 1517 3400 T‘fffi
1521 3326 1593 3397 Ill
1622 3323 1728 3402 pag.
1735 3324 1846 3402 493.
2046 3349 2048 3351 ·
2208 3348 2213 3355 .
2263 3351 2265 3353 μ

276 3370 307 3382 ’“
357 3381 486 3420 ³Dio
510 3382 570 3441 14,
584 3373 683 3451 3,4
690 3385 783 3420 9
808 3382 984 3432 spart
999 3384 1095 3421 Sev.
1118 3385 1151 3429 9,
1178 3385 1247 3434 2·-
1242 3385 1315 3454 3.
1433 3395 1436 3399 ²
1500 3388 1546 3407 -ι
1924 3385 1953 3407 ’-
