2826 3982
1391 293 1444 337 15

1147 491 1195 531 4.
1234 490 1317 532 Ad
1357 489 1669 545 Scapulam.

325 611 471 656 Multo
504 611 668 656 labore
700 611 749 655 in
781 611 1099 667 perquirendo
1132 613 1180 654 et
1210 621 1389 664 magna
1420 608 1667 664 diligentia
1699 609 1745 652 in
1779 610 2084 656 deliberando
2117 622 2236 667 opus
2259 612 2344 665 est,
2378 609 2416 653 si
2449 613 2636 667 tempus

179 697 272 741 quo
304 682 624 729 Tertullianus
655 682 868 728 libellum
915 682 1179 739 supplicem
1212 682 1274 727 ad
1307 681 1564 738 Scapulam
1614 684 1939 738 proconsulem
1970 684 2166 739 miserit,
2200 693 2368 727 eruere
2401 683 2633 726 volumus,

178 756 367 802 Etenim
407 755 533 813 quia,
566 768 659 812 quo
691 767 815 798 anno
848 753 1056 812 Scapula
1087 754 1365 811 provinciae
1396 754 1590 797 Africae
1624 755 1894 811 praefuerit,
1928 756 2119 799 aliunde
2151 767 2247 799 non
2280 755 2493 810 innotuit,
2535 756 2634 798 fere

177 827 337 872 omnia
369 839 431 871 ex
461 826 853 883 interpretatione
885 829 1116 870 accurata
1147 826 1286 870 unius
1318 826 1577 869 alteriusve
1610 826 1701 869 loci
1736 827 1881 870 libelli
1913 828 2058 884 ipsius
2091 828 2316 884 pendent.

321 899 487 941 Plures
519 901 680 941 autem
712 902 821 940 sunt
852 898 959 953 loci,
1008 910 1208 953 quorum
1240 897 1361 940 ratio
1400 896 1625 940 habenda
1664 900 1735 940 est
1774 900 2149 954 cavendumque,
2183 911 2258 952 ne,
2298 899 2409 941 dum
2448 903 2633 953 partem

136 1012 139 1013 ⁷
179 972 390 1026 aliquam
422 973 623 1025 tuemur,
657 970 842 1025 reliqua
875 971 1164 1012 deseramus,

324 1044 396 1085 Ac
428 1044 632 1097 primum
666 1043 856 1098 quidem
887 1043 1145 1097 vestigium
1177 1043 1297 1085 certi
1329 1041 1575 1097 temporis,
1609 1048 1714 1097 post
1746 1042 1867 1096 quod
1900 1043 1977 1086 ille
2000 1044 2188 1087 libellus
2211 1043 2418 1098 scriptus
2451 1049 2534 1093 est,
2568 1043 2634 1086 in-

180 1115 372 1159 venitur
402 1114 451 1157 in
482 1115 721 1157 mentione
755 1117 905 1158 eoeitus
935 1115 1213 1172 Byzantini¹
1247 1114 1293 1157 id
1326 1117 1398 1157 est
1432 1113 1797 1169 expugnationis
1830 1115 1957 1157 urbis
1974 1115 2206 1170 Byzantii,
2240 1128 2385 1170 quam
2419 1127 2505 1170 per
2537 1118 2634 1158 tres

179 1189 279 1231 fere
312 1200 462 1231 annos
502 1187 741 1231 exercitus
774 1186 1062 1230 Severianus
1099 1186 1367 1241 obsederat,
1415 1199 1578 1229 mense
1626 1190 1787 1229 autem
1828 1186 1943 1230 Iulio
1990 1187 2102 1231 anni
2138 1187 2223 1231 196
2264 1201 2310 1243 p.
2345 1185 2455 1232 Chr.
2490 1187 2631 1242 cepit.

178 1257 364 1302 Deinde
411 1272 527 1302 vero
574 1263 678 1314 post
728 1260 915 1302 cladem
947 1259 1108 1302 Albini
1155 1258 1283 1301 hunc
1330 1258 1542 1301 libellum
1591 1258 1820 1314 scriptum
1870 1272 1985 1314 esse,
2034 1260 2246 1303 indicant
2293 1259 2415 1303 haec
2457 1259 2631 1302 verba:

175 1333 423 1388 Nunquam
456 1332 694 1375 Albiniani
724 1333 792 1374 vel
825 1333 1044 1389 Nigriani
1076 1332 1145 1373 vel
1181 1330 1389 1374 Cassiam·
1421 1331 1617 1372 inveniri
1642 1337 1891 1387 potuerunt
1926 1331 2174 1374 Christiani
2185 1333 2214 1373 ².

321 1401 440 1444 Tum
473 1403 531 1444 de
564 1402 655 1444 hoc
687 1403 791 1444 loco
839 1402 1177 1456 disputandum
1209 1402 1419 1444 videtur:
1461 1403 1566 1456 Ipse
1601 1403 1735 1444 etiam.
1770 1403 1959 1445 Severus
1984 1409 2120 1458 pater
2151 1403 2375 1446 Antonini
2411 1403 2630 1447 Christi-a·

175 1488 337 1517 norum
360 1490 528 1518 memor
546 1476 654 1532 suit.
688 1476 810 1518 Nam
833 1480 874 1517 et
898 1475 1145 1517 Proculum
1171 1474 1497 1528 Christianum,
1530 1476 1607 1530 qui
1638 1475 1889 1530 Torpacion
1900 1475 1930 1528 ³,
1953 1476 2365 1532 coqnominabatur,
2390 1475 2630 1517 Euhodiae

166 1552 528 1603 procuratorem,
576 1548 653 1603 qui
686 1562 786 1587 eum
810 1562 900 1602 per
931 1548 1077 1587 oleum
1110 1548 1357 1601 aliquando
1391 1552 1644 1597 curaverat,
1693 1548 1925 1599 requisivit
1972 1553 2012 1587 et
2058 1549 2105 1587 in
2146 1548 2325 1601 palatio
2358 1562 2440 1589 suo
2473 1549 2631 1589 habuit

178 1633 316 1675 usque
348 1620 410 1660 ad
441 1624 628 1660 mortem
662 1620 770 1661 eiua.
835 1620 976 1669 Quem
1011 1624 1051 1660 et
1084 1619 1344 1660 Antoninus
1376 1620 1540 1673 optime
1574 1624 1757 1658 *noverat
1790 1620 1903 1659 lacte
1938 1617 2193 1660 Christiano
2227 1621 2445 1661 educatus
2459 1622 2490 1660 ⁴.

318 1690 449 1745 Sunt,
482 1692 563 1745 qui
596 1691 772 1745 dicant,
806 1692 1097 1733 Antoninum
1130 1705 1158 1733 a
1181 1691 1472 1733 Tertulliano
1504 1691 1593 1732 hoc
1625 1692 1728 1732 loco
1762 1696 2071 1732 memoratum
2099 1690 2430 1744 Elagabalum,
2465 1691 2548 1746 qui
2580 1696 2628 1733 et

174 1835 548 1889 intelligendum.
612 1834 748 1889 Quae
781 1834 1011 1890 Scaligeri
1044 1840 1091 1878 et
1122 1835 1354 1878 Holstenii
1392 1834 1548 1891 opinio
1580 1835 1723 1890 plane
1754 1834 2013 1878 reiicienda
2053 1838 2137 1889 est,
2186 1835 2299 1890 quia
2330 1834 2626 1890 Elagabalus

174 1918 299 1948 anno
332 1906 420 1949 205
452 1919 497 1963 p.
532 1906 640 1950 Chr.
688 1907 736 1949 in
784 1907 965 1950 oriente
1012 1910 1165 1963 natus,
1214 1907 1479 1961 Proculum,
1527 1907 1606 1961 qui
1654 1907 1701 1949 in
1734 1907 1910 1962 palatio
1943 1906 2121 1960 Severi,
2171 1919 2284 1961 ergo
2332 1912 2463 1951 certe
2513 1912 2625 1951 ante

173 1991 352 2021 annum
384 1980 468 2022 211
505 1993 550 2035 p.
584 1979 708 2034 Chr„
749 1981 875 2022 diem
907 1993 1180 2036 supremum
1213 1980 1339 2035 obiit,
1387 1992 1524 2022 nosse
1572 1980 1760 2022 omnino
1792 1993 1885 2022 non
1918 1980 2083 2034 potuit.
2147 1981 2413 2023 Antoninus
2446 1985 2623 2034 autem,

174 2049 340 2094 Severi
372 2050 511 2106 filius,
544 2054 684 2094 natus
716 2063 841 2094 anno
878 2051 961 2094 186
994 2064 1039 2107 p.
1073 2050 1195 2106 Chr„
1229 2050 1479 2094 Proculum
1512 2050 1686 2107 optime
1719 2062 1857 2094 nosse
1889 2051 2054 2108 potuit.
2119 2051 2349 2095 Severum
2381 2053 2477 2096 iam
2510 2056 2624 2096 ante

172 2133 351 2166 annum
386 2123 468 2167 197
509 2134 682 2167 nomen
714 2123 798 2166 filii
830 2123 901 2166 sui
933 2127 1048 2166 natu
1080 2123 1269 2166 maioris
1301 2123 1489 2166 nomine
1522 2123 1747 2165 Antonini
1780 2127 2091 2179 permutasse,
2140 2125 2320 2167 nummi
2352 2124 2476 2167 illius
2509 2125 2624 2168 anni

171 2198 407 2238 testantur
417 2196 447 2238 ⁵.

315 2265 460 2310 Porro
492 2266 797 2310 manifestum
831 2270 915 2321 est,
950 2266 1204 2322 Scapulam
1238 2266 1404 2309 eodem
1437 2267 1541 2309 loco
1574 2278 1604 2308 a
1636 2266 1942 2321 Tertulliano,
1991 2267 2071 2322 qui
2104 2267 2149 2308 id
2183 2268 2296 2322 agit,
2330 2271 2380 2309 ut
2413 2268 2624 2310 animum

169 2338 271 2381 eius
294 2337 576 2383 Christianis
607 2339 780 2395 placet,
813 2340 875 2383 ad
909 2339 1181 2394 exemplum
1214 2338 1443 2395 principis
1476 2351 1530 2381 eo
1564 2338 1665 2394 ipso
1699 2342 1910 2394 tempore
1934 2338 2212 2394 imperantis
2235 2340 2500 2395 provocari.
2554 2339 2625 2383 Ea

171 2409 355 2454 ratione
388 2410 558 2454 ductus
586 2411 700 2454 dicit
722 2411 1054 2466 Tertullianus,
1071 2411 1319 2456 *Severum
1351 2411 1752 2455 necessitudinem
1784 2411 1994 2466 aliquam
2027 2411 2249 2454 habuisse
2278 2424 2387 2454 cum
2409 2412 2623 2467 Proculo,

169 2480 272 2524 viro
307 2471 588 2526 Christiano.
653 2481 813 2536 Quare
845 2494 925 2526 eos
956 2482 1241 2539 interpretes
1272 2482 1417 2527 valde
1464 2494 1627 2526 errare
1668 2494 1854 2538 censeo,
1903 2483 1983 2538 qui
2016 2482 2245 2525 Severum
2292 2495 2348 2526 eo
2396 2488 2623 2540 tempore,

171 2562 263 2608 quo
296 2551 504 2609 Scapula
538 2551 829 2597 Christianos
860 2552 1249 2610 persequebatur,
1298 2554 1394 2599 iam
1434 2558 1670 2599 mortuum
1705 2565 1808 2597 esse
1841 2558 2023 2610 putant.
2086 2554 2260 2597 Parum
2293 2556 2419 2597 enim
2451 2557 2623 2598 mortui

170 2622 470 2680 imperatoris
502 2624 730 2668 memoria
762 2628 809 2668 et
841 2626 1115 2682 exemplum
1147 2626 1209 2670 ad
1242 2624 1478 2683 Scapulae
1517 2627 1726 2697 animum
1760 2626 2046 2668 movendum
2078 2627 2485 2683 mitigandumque
2518 2639 2620 2683 pro-

171 2695 348 2739 fuisset.

312 2768 402 2810 Sed
435 2781 562 2811 nunc
593 2770 773 2811 maiora
808 2772 1054 2812 conemur!
1089 2771 1240 2814 Venio
1264 2772 1392 2814 enim
1425 2773 1487 2814 ad
1510 2774 1666 2814 locum
1699 2772 2025 2827 principalem,
2059 2773 2120 2813 ad
2153 2784 2293 2825 quem
2325 2777 2455 2813 recte
2478 2774 2618 2814 inter-

168 2841 453 2899 pretandum
485 2854 622 2899 opem
655 2854 830 2898 eorum,
865 2843 945 2899 qui
979 2843 1185 2886 siderum
1220 2857 1387 2887 cursus
1420 2849 1467 2887 et
1499 2849 1653 2887 motus
1675 2845 1883 2886 numeris
1905 2848 1952 2886 et
1973 2844 2233 2886 rationibus
2256 2851 2616 2899 persequuntur,

311 3035 322 3058 ¹
350 3036 479 3069 Tert.
506 3037 559 3069 ad
585 3036 701 3079 Scap
729 3048 760 3069 c.
787 3038 820 3070 3.
871 3037 933 3070 De
959 3043 1141 3080 tempore
1170 3039 1394 3073 obsidionis
1422 3036 1697 3074 consulendus
1724 3045 1782 3073 ‹st
1811 3037 1860 3072 W
1870 3038 1969 3073 irth
1999 3050 2092 3081 pag.
2123 3037 2168 3073 10
2193 3044 2231 3072 et
2257 3036 2314 3073 28.

308 3092 324 3111 ‘’
349 3093 476 3132 Tert.
503 3094 527 3133 l.
547 3094 570 3133 l.
598 3108 685 3143 cap.
708 3094 742 3133 2.
1444 3112 1446 3115 ’

309 3153 325 3179 3
348 3154 412 3194 De
451 3156 611 3210 origine
637 3160 677 3194 et
702 3159 815 3195 recta
846 3157 1067 3206 scriptione
1094 3160 1134 3195 ct
1159 3158 1200 3195 vi
1227 3158 1349 3196 huius
1382 3159 1559 3197 nominis
1593 3159 1696 3208 lege,
1737 3168 1841 3206 quae
1887 3158 2003 3194 affert
2041 3156 2343 3194 F12G0erres
2380 3158 2618 3197 Jahrb.1fir

169 3201 344 3263 protest.
362 3215 589 3275 Theologie
616 3217 720 3263 1878,
760 3228 856 3269 pag.
882 3216 964 3255 300
1015 3217 1290 3255 Bochartus
1329 3220 1436 3256 enim
1463 3218 1695 3267 Torpacion
1729 3230 1751 3255 e
1788 3229 1890 3253 voce
1916 3218 2071 3253 Punica
2105 3218 2337 3264 Torpaeion
2376 3225 2617 3267 corruptum

167 3279 295 3322 putat,
323 3285 496 3323 eamque
521 3272 763 3312 nutritorem
788 3279 1090 3342 interpretatur.

269 3335 740 3384 '⁴Tert....llcap4.
1609 3351 1611 3353 ¹

307 3395 324 3420 ⁵
351 3396 517 3434 Cohen
544 3401 570 3434 t.
597 3397 651 3435 IV
678 3410 715 3445 p.
744 3399 814 3436 160
839 3411 898 3436 nr.
926 3400 1006 3437 148.
1035 3400 1114 3446 155,
1142 3412 1178 3447 p.
1207 3401 1276 3437 159
1301 3412 1360 3437 nr.
1389 3402 1469 3447 142,
1496 3413 1533 3448 p.
1561 3402 1632 3438 205
1657 3412 1716 3437 nr.
1741 3401 1821 3435 597.
