2826 3982
1389 243 1445 286 10

168 389 336 432 suum,¹
369 388 476 432 quo,
524 388 584 418 ne
613 375 738 433 „quis
776 374 983 438 Iudaeus
1017 388 1147 432 neve
1181 375 1477 420 Christianus
1509 375 1667 417 fieret¹
1702 374 1955 430 prohibuit,
2004 375 2099 418 iam
2132 378 2231 418 tum
2264 374 2637 432 promulgaverit

167 461 335 491 necne.
399 448 538 502 Quod
568 448 842 502 negandum
871 460 995 506 esse,
1020 460 1141 493 mox
1173 448 1453 490 videbimus.

315 519 408 563 Sed
441 519 500 562 de
533 518 690 565 edicto
713 502 976 563 Severiano
991 519 1125 594 quin
1158 519 1298 586 plura
1330 518 1420 561 hoc
1452 518 1554 561 loco
1588 516 1758 571 dicam,
1793 517 1955 561 facere
1986 531 2080 561 non
2103 532 2307 581 possum.
2356 520 2444 574 „In
2476 519 2637 563 itinere

170 591 476 636 Palaestini3“
509 589 792 646 Spartianus
828 590 946 635 illud
976 575 1271 648 propositum
1306 603 1409 634 esse
1442 588 1619 645 apertis
1641 587 1803 632 verbis
1834 590 2039 633 narrat'.
2093 588 2225 641 Bello
2247 590 2373 634 enim
2405 590 2637 635 adversus

167 663 419 718 Hatrenos,
453 662 738 718 quibuscum
780 662 961 707 infelici
992 662 1148 707 Marte
1181 675 1306 706 anno
1342 661 1426 705 199
1449 663 1497 704 et
1519 660 1607 704 200
1630 673 1676 717 p.
1700 658 1810 704 Chr.
1843 650 2102 717 proeliatus
2134 664 2218 717 est,
2251 661 2396 718 finito,
2430 662 2637 707 Severus

166 737 215 779 in
248 735 437 791 Syriam
469 747 694 781 reversus
732 736 1012 796 Aegyptum,
1039 736 1195 779 visere
1229 735 1405 778 statuit.
1454 733 1590 788 Quod
1624 733 1714 776 iter
1745 733 1812 776 ita
1844 733 2042 790 peregit,
2076 738 2127 776 ut
2144 733 2467 779 Palaestinam
2499 748 2634 793 pera-

166 819 316 863 grans
348 807 625 864 Aegyptum
659 811 859 865 peteret,
893 819 989 868 qua
1018 794 1281 862 'diligenter
1312 806 1600 862 perlustrata
1634 809 1778 860 atque
1811 805 1995 860 integro
2028 805 2092 847 ibi
2118 798 2251 848 ‘anno
2274 812 2553 863 consumpto
2585 808 2633 850 in

170 880 359 934 Syriam
398 880 641 926 rediturus
679 880 1059 935 navigationise
1093 879 1324 922 commisit
1356 868 1581 931 (exeunte
1615 889 1740 919 anno
1773 878 1894 930 201).
1947 877 2230 920 Antiochiae
2264 890 2359 920 uua
2392 883 2506 921 cum'
2538 880 2634 922 filio

169 952 339 995 maiori
372 951 628 995 Caracalla
667 953 833 994 consul
874 952 1172 995 renuntiatus
1219 950 1376 991 statim
1423 950 1471 991 in
1506 950 1645 1006 Syria
1679 949 1963 992 consulatum
2011 950 2124 992 anni
2157 950 2246 992 202
2287 950 2432 992 iniit³.
2497 950 2634 1004 Quae

174 1039 321 1081 quum
354 1025 423 1067 ita
456 1025 564 1079 sint,
598 1025 811 1067 edictum
835 1025 965 1079 illud,
999 1037 1090 1079 quo
1113 1024 1317 1065 Severus
1341 1021 1634 1064 Christianos
1667 1022 1770 1064 fieri
1791 1022 1879 1064 sub
1911 1023 2050 1076 gravi
2072 1034 2227 1077 poena
2252 1023 2415 1076 vetuit,
2448 1027 2633 1066 aestate

172 1098 286 1140 anni
320 1098 404 1140 201
442 1097 489 1139 in
523 1097 798 1140 Palaestina
833 1097 1181 1151 promulgatum
1215 1099 1299 1146 est,
1350 1107 1441 1148 quo
1492 1095 1792 1149 promulgato
1840 1095 1942 1138 fieri
1989 1107 2084 1138 non
2131 1095 2295 1150 potuit,
2344 1095 2457 1149 quin
2506 1096 2633 1140 illico

172 1168 377 1226 populus
410 1166 712 1213 Christianus
745 1167 921 1213 acerbe
956 1169 1223 1221 vexaretur,
1273 1178 1396 1222 quae
1445 1165 1713 1222 persecutio
1762 1166 1951 1223 proprie
1985 1164 2247 1212 Severiana
2294 1166 2356 1211 ab
2397 1165 2633 1213 historicis

170 1242 301 1285 dicta
349 1242 490 1296 longe
539 1241 732 1296 lateque
780 1240 950 1284 diffusa
998 1240 1173 1295 aliquot
1217 1240 1368 1283 annos
1416 1238 1678 1283 insistebat.
1743 1239 2022 1283 Eusebius
2070 1239 2261 1295 quidem
2307 1239 2632 1285 Caesariensis

169 1314 276 1357 hist.
300 1313 428 1358 eccl.
462 1312 540 1356 VI.
575 1313 678 1367 2,,’2
727 1315 897 1365 narrat
943 1311 1318 1368 persecutionem
1366 1310 1497 1356 illam
1530 1337 1588 1341 —
1621 1311 1944 1355 Alexandriae
1976 1337 2035 1342 -
2068 1324 2192 1355 anno
2243 1312 2431 1356 decimo
2465 1312 2630 1357 Severi

168 1385 482 1430 vehementer
508 1384 768 1439 exarsisse,
808 1383 954 1427 Laeto
989 1383 1229 1440 praefecto
1260 1382 1482 1439 Aegypti.
1520 1383 1687 1426 Annus
1715 1395 1834 1426 vero
1867 1383 2080 1427 decimus
2111 1381 2291 1439 Severi,
2324 1383 2433 1427 inde
2466 1397 2495 1427 a
2529 1384 2629 1429 Cal.

131 1513 135 1517 ¹
167 1458 267 1502 Iun.
301 1458 390 1500 203
423 1456 788 1512 computandus,
822 1456 912 1499 hoc
945 1456 1045 1498 loco
1078 1459 1160 1497 aut
1192 1455 1351 1497 minus
1384 1461 1610 1505 accurate
1643 1456 1704 1498 ab
1728 1455 1931 1498 Eusebio
1953 1456 2133 1512 positus
2155 1461 2226 1499 est
2249 1463 2332 1499 aut
2362 1457 2423 1499 ad
2461 1470 2629 1501 necem

168 1530 305 1573 unius
337 1528 596 1583 Leonidae,
630 1528 782 1584 patris
815 1526 1042 1582 OrigeniS,
1077 1539 1218 1582 quem
1254 1526 1488 1570 Eusebius
1521 1527 1698 1582 laudat,
1731 1527 2022 1571 referendus.

311 1599 694 1647 Sedredeamus
727 1599 851 1642 unde
884 1598 1082 1653 digressi
1117 1599 1300 1641 sumus!
1338 1597 1517 1652 Quodsi
1552 1599 1700 1642 verbo
1723 1598 2016 1654 Tertulliani,
2050 1612 2174 1655 quae
2197 1600 2331 1656 Apol.
2356 1612 2396 1643 c.
2420 1601 2479 1642 44
2501 1605 2549 1644 et
2570 1602 2630 1644 50

167 1674 404 1728 leguntur,
455 1672 517 1715 ad
566 1659 945 1728 persecutionem
977 1669 1290 1713 Severianam
1337 1670 1450 1713 anni
1483 1671 1565 1712 201
1618 1675 1665 1713 et
1713 1671 2011 1726 sequentium
2060 1683 2291 1714 annorum
2339 1676 2627 1728 spectarent,

165 1744 533 1802 Apologeticum
568 1743 742 1787 librum
776 1746 880 1799 post
911 1754 1086 1785 annum
1119 1743 1223 1798 201,
1257 1743 1489 1799 scriptum
1523 1754 1627 1786 esse
1661 1747 1931 1800 appareret.
1995 1743 2087 1787 Sed
2120 1743 2181 1787 ad
2214 1756 2321 1787 eam
2354 1745 2445 1788 ista
2476 1746 2629 1789 verba

167 1821 391 1874 spectare
422 1828 562 1872 nego.
626 1816 746 1859 Nam
786 1816 968 1876 legibus
1016 1816 1110 1857 iam
1160 1816 1344 1871 pridem
1383 1816 1657 1870 vigentibus
1701 1819 1912 1872 potestas
1959 1817 2316 1871 magistratibus
2363 1818 2476 1860 data
2509 1822 2626 1872 erat,

166 1902 358 1946 semper
405 1894 453 1932 et
496 1889 676 1944 ubique
715 1888 1002 1931 Christianos
1050 1891 1245 1943 propter
1283 1888 1561 1943 religionem
1599 1888 1875 1942 accusandi,
1924 1890 2246 1944 conquirendi,
2295 1892 2626 1945 persequendi.

166 1962 227 2005 Et
274 1962 436 2018 plures
485 1960 679 2016 quidem
702 1995 705 1997 .
727 1961 869 2014 leges,
917 1960 1160 2014 vigebant,
1207 1972 1332 2015 quae
1380 1961 1658 2003 facultatem
1706 1960 1886 2003 dabant
1924 1961 1994 2004 sic
2026 1961 2246 2016 faciendi,
2286 1974 2360 2004 ex.
2393 1974 2462 2016 gr.
2496 1963 2628 2017 leges

168 2035 330 2077 laesae
363 2032 645 2085 maiestatis,
679 2033 809 2085 leges
842 2034 1005 2078 contra
1037 2032 1260 2085 magiam,
1313 2036 1481 2075 contra
1512 2033 1766 2086 religiones
1796 2045 1961 2086 novas,
2011 2036 2177 2076 contra
2210 2034 2428 2077 sodalitia
2459 2035 2626 2078 illicita

166 2108 359 2149 ceterae
370 2106 402 2147 ⁴.

275 2215 278 2219 .
308 2175 402 2223 Sed
436 2179 488 2219 ut
520 2174 645 2218 haec
677 2174 902 2228 omittam,
944 2173 1199 2219 Christiani
1233 2174 1511 2230 provinciae
1544 2175 1737 2219 Africae
1778 2175 1857 2219 illo
1890 2178 2102 2231 tempore
2135 2176 2301 2220 maiori
2333 2176 2380 2220 in
2414 2176 2626 2232 periculo

166 2247 504 2293 versabantur.
568 2244 787 2301 SeveruS,
821 2244 1078 2301 imperator
1109 2258 1275 2300 novus,
1315 2245 1506 2291 natione
1539 2246 1667 2301 Afer,
1708 2259 1734 2291 e
1773 2246 1970 2293 civitate
2001 2245 2139 2304 Lepti
2171 2247 2409 2303 oriundus,
2443 2248 2625 2293 Iuliano

167 2321 393 2376 superato
427 2321 475 2363 et
508 2317 757 2363 interfecto
790 2317 948 2375 statim
982 2317 1147 2375 copias
1179 2317 1224 2363 in
1259 2317 1474 2363 Africam
1506 2319 1714 2374 miserat,
1763 2330 1965 2376 eamque
2005 2319 2302 2376 provinciam
2342 2319 2443 2365 sine
2476 2320 2625 2365 caede

163 2393 495 2448 occupaverat
505 2391 535 2432 ⁵.
606 2389 773 2431 Postea
807 2390 929 2433 bello
952 2394 1119 2432 contra
1145 2390 1496 2433 Pescennianos
1519 2396 1566 2433 et
1588 2391 1867 2434 Albinianos
1888 2391 2092 2447 incepto,
2125 2404 2269 2447 quum
2293 2391 2469 2435 Severi·
2492 2405 2625 2436 exer·

152 2465 284 2508 ,citus
318 2462 551 2508 victorias
594 2462 805 2505 victoriis
837 2462 1120 2517 cumularet,
1154 2466 1252 2506 tota
1291 2451 1541 2520 provincia
1579 2464 1753 2519 gaudio
1792 2467 1840 2506 et
1878 2460 2060 2507 laetitia
2100 2465 2372 2508 exsultabat
2420 2469 2466 2507 et
2514 2478 2625 2522 quo-

163 2537 286 2578 tiens
320 2535 474 2576 bonus
506 2533 699 2575 nuntius
731 2534 788 2575 de
821 2533 1023 2575 victoria
1061 2539 1307 2590 reportata
1346 2527 1656 2590 adventabat,
1704 2533 1840 2594 quam
1879 2537 2198 2577 recentissimis
2230 2542 2271 2578 et
2302 2538 2626 2590 ramosissimis

160 2609 337 2655 laureis
360 2612 519 2664 postes
540 2608 977 2663 praestruebantur,
998 2621 1135 2663 quam
1168 2608 1426 2649 elatismmis
1456 2613 1497 2649 et
1519 2609 1788 2650 clarissima
1809 2608 1881 2649 luc
1884 2609 2007 2650 ernis
2027 2610 2246 2650 vestibula
2279 2610 2623 2666 nebulabantur,

161 2695 299 2737 quam
330 2679 599 2734 cultism‘mie
631 2683 672 2720 et
703 2680 1040 2733 superbissimis
1073 2680 1186 2722 toris
1213 2680 1370 2740 sorum
1402 2666 1489 2722 sibi
1520 2681 1819 2733 dividebant&
1858 2681 1975 2723 cives
2005 2682 2273 2738 vicatimque
2305 2683 2623 2752 epulabantur.

164 2752 242 2798 Sic
276 2755 397 2794 tota
407 2749 586 2808 civitas
617 2748 789 2802 gaudio
821 2751 1108 2795 exsultabat.

306 2821 689 2881 Christianorum
723 2833 839 2882 vero
872 2822 955 2867 vix
988 2823 1239 2897 quisquam
1274 2811 1346 2865 his
1379 2823 1530 2882 epulis
1562 2823 1787 2877 interfuit,
1820 2824 1963 2866 immo
1986 2824 2270 2867 documenta
2297 2825 2378 2867 illa
2401 2826 2623 2894 publicae

302 3010 315 3035 ¹
342 3011 504 3058 Spart.
534 3011 604 3045 vit.
632 3009 723 3045 Sev.
753 3021 783 3045 c.
814 3011 867 3045 17.

301 3070 504 3119 -SQpart
532 3069 714 3116 8θν.17,’
740 3072 769 3106 1.
808 3085 812 3091 -

246 3139 249 3142 ’
301 3132 316 3155 3

300 3193 316 3217 ⁴
342 3128 784 3240 {gdbbqbidsssuipsi
793 3193 843 3228 de
866 3193 943 3229 hac
974 3199 1017 3229 r(-
1045 3195 1086 3229 in
1111 3158 1456 3230 ΚίτοὴυιιίοΧίεοῃ
1485 3193 1556 3229 Ed.
1586 3193 1623 3229 -Π
1651 3198 1676 3230 t.
1705 3193 1759 3229 111
1788 3204 1882 3241 rag.
1909 3195 1989 3232 230.
2031 3228 2034 3232 ,

299 3254 500 3306 ‘'’.Spart-
528 3253 622 3290 Sev.
655 3254 688 3298 8,
718 3254 750 3289 7.
800 3254 909 3289 Pese.
937 3254 1026 3300 Nig.
1054 3255 1087 3298 5,
1114 3255 1147 3290 4.

301 3314 472 3350 ‘'Ten-t.
500 3313 617 3361 Apol.
646 3325 677 3349 ι’.
705 3314 762 3348 35.
