2826 3982
1403 283 1425 296 μ-

1410 297 1420 326 d

191 404 301 461 eum
330 417 475 461 aliam
512 430 733 462 caussam
764 418 812 460 id
835 417 1048 461 faciendi
1069 429 1164 460 non
1186 406 1412 458 habuisse
1434 418 1628 471 praeter
1648 415 1915 458 ubertatem
1938 415 2104 458 messis
2125 415 2238 458 anni
2266 414 2364 468 193,
2398 412 2649 456 occasione

194 490 300 532 urbi
331 490 509 533 Romae
543 497 861 533 commeatum
895 489 1285 532 subministrandi
1317 487 1580 531 Pescennio
1612 500 1855 542 nunquam
1887 488 2087 531 oblata1.

334 561 491 604 Etiam
523 561 573 604 in
604 561 809 604 nummis
841 561 955 604 anni
986 573 1031 616 p.
1065 559 1174 604 Chr.
1211 559 1295 603 196
1344 559 1514 603 eadem
1545 559 1788 615 inscriptio
1822 571 1930 603 cum
1963 559 2128 603 iisdem
2161 559 2390 615 symbolis
2423 558 2645 613 occurrit,

193 644 318 686 quae
365 644 444 675 res
491 631 806 675 certissimum
854 632 1081 675 indicium
1128 635 1212 687 est,
1262 632 1406 674 etiam
1452 632 1533 674 illo
1572 644 1696 674 anno
1743 643 1946 674 messem
1995 632 2136 674 fuisse
2184 632 2406 687 opimam.
2471 631 2563 672 Sed
2596 635 2647 672 ut

190 702 270 745 illo
303 715 429 745 anno
462 702 675 746 libellum
708 703 766 746 de
799 703 944 758 pallio
976 703 1206 758 scriptum
1247 714 1352 745 esse
1390 714 1683 757 censeamus,
1733 703 1847 745 illud
1880 703 2104 745 indicium
2152 715 2244 745 non
2294 703 2483 756 sufficit,
2533 702 2645 756 quia

190 777 291 816 tum
325 773 417 816 duo
464 774 755 818 solummodo
787 774 989 829 Augusti
1022 778 1174 829 erant,
1223 773 1429 817 Severus
1462 777 1509 816 et
1540 774 1754 828 Albinus,
1788 774 2048 816 Pescennio
2080 774 2224 828 Nigro
2263 775 2515 816 interemto
2548 774 2644 815 iam

189 856 314 886 anno
350 845 436 887 194
467 848 686 889 exeunte.
749 846 912 889 Annos
943 858 1059 890 vero
1091 847 1344 900 209—211,
1394 846 1456 889 ad
1489 858 1605 901 quos
1644 846 1845 901 plurimi
1866 845 2080 901 inprimis
2112 845 2395 888 Bonwetsch
2429 849 2476 887 et
2509 845 2644 886 Noel-

110 946 125 955 ,
189 915 375 959 dechen
402 916 614 960 libellum
636 918 695 961 de
718 918 862 973 pallio
884 919 1154 973 detrudunt,
1187 930 1331 961 unam
1363 918 1543 961 habere
1576 923 1736 961 notam
1759 917 1983 972 temporis
2012 917 2236 971 conced0,
2270 917 2472 959 alteram
2506 928 2642 970 nego,

188 988 301 1045 quia
332 989 498 1032 messis
530 990 725 1033 ubertas
756 1002 910 1045 neque
942 991 1146 1034 nummis
1178 991 1364 1033 illorum
1394 1003 1626 1034 annorum
1649 990 1871 1032 laudatur
1902 1002 2056 1044 neque
2095 988 2235 1032 aliter
2256 988 2448 1044 probari
2472 993 2641 1044 potest.

334 1062 517 1105 Ambae
549 1065 711 1105 autem
743 1063 969 1119 temporis
1006 1066 1146 1106 notae
1176 1076 1206 1106 a
1228 1064 1363 1107 nobis
1394 1064 1619 1106 inventae
1652 1063 1699 1105 in
1734 1076 1877 1105 unum
1911 1075 2087 1105 annum
2117 1061 2405 1105 conveniant
2443 1073 2641 1104 necesse

189 1139 275 1190 est,
309 1134 435 1190 quod
465 1134 659 1190 quidem
707 1135 882 1191 optime
922 1135 1147 1192 competit
1179 1148 1304 1179 anno
1341 1135 1424 1179 193
1457 1148 1502 1191 p.
1537 1135 1646 1179 Chr.
1695 1135 1774 1190 qui
1823 1139 1868 1177 et
1913 1135 2079 1177 messis
2112 1135 2330 1177 ubertate
2364 1138 2410 1177 et
2443 1146 2640 1184 numero

194 1211 329 1250 terno
362 1208 702 1263 imperatorum
735 1208 983 1263 insignitus
1015 1211 1100 1251 est.
1148 1208 1233 1251 His
1267 1208 1447 1251 caussis
1479 1211 1719 1263 permotus
1752 1208 1962 1249 libellum
1996 1207 2054 1248 de
2086 1208 2229 1262 pallio
2262 1208 2309 1248 in
2342 1220 2519 1249 annum
2556 1208 2641 1250 193

188 1293 233 1334 p.
268 1279 377 1322 Chr.
410 1280 573 1322 reiicio
605 1284 654 1322 et
686 1284 869 1322 aestate
902 1281 1113 1323 eiusdem
1146 1280 1259 1323 anni
1291 1280 1519 1335 scriptum
1552 1293 1655 1322 esse
1689 1292 1874 1322 censeo.

332 1350 449 1394 Sunt
482 1352 686 1406 denique
718 1352 810 1394 viri
843 1352 983 1407 docti,
1032 1352 1112 1407 qui
1144 1351 1255 1395 huic
1288 1364 1412 1395 anno
1445 1351 1524 1394 vel
1557 1363 1681 1393 anno
1720 1351 1815 1403 196,
1865 1350 1943 1405 qui
1977 1350 2237 1409 Pamelium
2271 1350 2442 1403 arrisit,
2491 1363 2641 1393 annos

188 1423 425 1466 209-211
462 1423 802 1478 praeferendos
835 1436 938 1467 esse
971 1426 1138 1479 putent
1171 1436 1230 1467 ea
1261 1423 1321 1467 de
1353 1435 1538 1478 caussa,
1572 1422 1683 1478 quia
1706 1421 2024 1465 Tertullianus
2057 1422 2104 1464 in
2137 1422 2224 1464 isto
2255 1422 2415 1464 libello
2438 1422 2496 1464 de
2519 1434 2640 1478 pace

186 1497 234 1537 et
266 1494 494 1539 felicitate
541 1495 768 1551 temporis
814 1496 965 1539 multa
997 1496 1150 1539 verba
1182 1495 1343 1539 faciat.
1408 1494 1499 1539 Sed
1532 1494 1794 1548 videamuS,
1843 1494 2076 1549 quomodo
2125 1494 2183 1536 de
2230 1506 2351 1550 pace
2399 1495 2638 1549 loquatur!

186 1564 334 1620 Quasi
367 1566 678 1611 cothurnatus
712 1567 846 1611 dicit:
895 1569 1073 1611 Revera
1120 1569 1241 1610 orbis
1287 1568 1585 1610 cultissimum
1633 1567 1766 1608 huius
1805 1568 1984 1622 imperii
2016 1581 2097 1608 rus
2129 1572 2206 1619 ‹as-t,
2255 1568 2485 1608 eradicato
2519 1568 2641 1607 omni

189 1640 406 1682 aconito
439 1640 707 1683 hostilitates
754 1645 795 1682 et
842 1645 994 1683 cacto
1043 1645 1084 1682 et
1114 1642 1247 1682 rubo
1295 1640 1510 1681 subdolae
1553 1639 1895 1696 familiaritatis
1941 1639 2151 1680 convulso
2184 1644 2225 1680 et
2257 1653 2472 1680 amoena-s·
2503 1653 2642 1694 xuper

186 1709 368 1753 Alcinoi
392 1716 625 1768 pometum
658 1716 699 1754 et
730 1712 886 1755 Midae
917 1717 1127 1754 rosetum.
1191 1712 1308 1754 Ibid.
1343 1723 1383 1754 c.
1417 1712 1459 1753 2.

328 1782 415 1824 His
447 1783 647 1837 aliisque
679 1784 995 1825 locutionibus
1027 1784 1227 1825 insolitis
1260 1787 1307 1825 et
1338 1783 1579 1825 arcessitis
1612 1786 1658 1825 et
1691 1782 1918 1836 quaesitis
1950 1795 2093 1836 quum
2128 1786 2264 1824 autor
2296 1782 2491 1824 nimium
2526 1795 2638 1824 usus

139 1879 142 1881 Δ
191 1854 264 1909 sit,
297 1866 579 1910 persuasum
612 1854 781 1909 habeo,
815 1857 965 1898 totum
998 1854 1139 1898 istum
1172 1855 1385 1898 libellum
1417 1854 1612 1898 satiram
1646 1860 1693 1897 et
1725 1854 2012 1910 paucissima
2044 1866 2205 1896 eorum
2238 1865 2361 1908 quae
2394 1854 2640 1909 proferun-

186 1929 263 1968 tur
295 1925 417 1969 serio
465 1925 594 1969 dicta
626 1938 744 1969 esse.
810 1926 1151 1970 Verumtamen
1200 1927 1332 1969 illum
1379 1928 1535 1969 locum
1568 1939 1673 1982 cap.
1707 1928 1748 1981 2,
1798 1938 1941 1981 supra
1989 1926 2186 1968 allatum
2233 1928 2284 1967 ut
2332 1930 2464 1968 recte
2497 1926 2639 1968 inter-

186 2000 442 2053 pretemur,
492 1998 553 2040 ad
602 1998 802 2041 ironiam
850 1999 1106 2053 confugere
1139 2012 1256 2054 opus
1288 2012 1381 2041 non
1415 2002 1498 2041 est.
1563 1997 1794 2052 Quamvis
1841 1998 1965 2041 enim
2004 2001 2128 2040 totus
2167 1998 2268 2040 fere
2300 1998 2427 2041 orbis
2460 1997 2639 2041 Severo

185 2069 451 2126 imperante
482 2082 570 2126 per
600 2070 767 2114 decem
800 2083 949 2113 annos
982 2071 1155 2114 bellico
1187 2071 1344 2115 furore
1378 2071 1623 2126 exarserit,
1672 2070 1928 2114 Africanae
1968 2069 2247 2126 provinciae
2280 2082 2470 2126 semper
2516 2051 2638 2126 &ce

187 2143 479 2184 fruebantur.

325 2216 596 2268 Praeterea,
647 2215 771 2268 quod
804 2215 865 2256 ad
899 2215 1105 2269 primum
1139 2214 1304 2258 Severi
1337 2230 1515 2258 annum
1549 2216 1733 2270 attinet,
1782 2214 2102 2259 Tertullianus
2150 2214 2363 2259 libellum
2402 2214 2461 2259 (16
2494 2215 2640 2272 pallio

187 2290 399 2340 tempore
432 2287 566 2341 pacis
598 2286 844 2330 commode
877 2286 1089 2331 scribere
1121 2287 1284 2343 potuit,
1333 2290 1592 2344 antequam
1624 2287 1801 2332 bellum
1835 2287 1958 2332 inter
1991 2285 2275 2332 Severianos
2308 2290 2355 2331 et
2387 2286 2640 2344 Nigrianos

186 2357 379 2414 exarsit.
430 2355 636 2402 Severus
659 2357 785 2402 enim
808 2370 917 2402 cum
939 2358 1230 2403 adversariis
1252 2359 1562 2405 dimicaturus
1583 2359 1729 2404 Nonis
1751 2360 1836 2404 Iul.
1860 2360 1973 2404 anni
1999 2360 2084 2404 193
2106 2359 2256 2404 Roma
2289 2361 2530 2417 profectus
2552 2365 2638 2403 est.

185 2429 363 2474 Eodem
397 2430 497 2474 fere
529 2432 742 2486 tempore
764 2428 980 2486 Nigriani
1001 2429 1284 2487 Byzantium
1317 2435 1690 2489 occupaverunt,
1726 2432 1891 2489 copiae
1925 2435 2086 2475 autem
2118 2433 2504 2475 adversariorum
2527 2437 2640 2475 ante

185 2504 464 2545 autumnum
513 2501 725 2545 eiusdem
772 2502 885 2545 anni
925 2514 1019 2545 non
1062 2506 1484 2558 concursaverunt,
1523 2504 1822 2560 primumque
1856 2504 1983 2560 apud
2016 2504 2292 2546 Perinthum
2325 2506 2558 2559 praelium
2592 2510 2640 2546 et

184 2573 231 2617 id
264 2574 455 2628 quidem
487 2574 596 2617 leve
628 2576 854 2617 autumno
894 2576 1197 2618 commissum
1230 2579 1315 2631 est,
1363 2579 1501 2618 atrox
1548 2580 1709 2619 autem
1757 2576 2025 2631 insequenti
2072 2589 2197 2618 anno
2235 2577 2363 2631 apud
2397 2576 2638 2630 Cyzicum.

183 2644 344 2701 Quare
376 2645 667 2689 Tertulliano
717 2646 832 2689 satis
880 2647 1106 2703 temporis
1139 2651 1255 2703 erat,
1297 2648 1413 2691 istas
1459 2649 1691 2705 pauculas
1723 2649 1925 2705 paginas
1972 2648 2318 2702 conscribendi,
2358 2649 2508 2691 donec
2541 2661 2638 2704 pax

180 2720 298 2774 erat,
332 2718 360 2761 i.
394 2730 435 2762 6.
468 2730 584 2761 vere
621 2719 702 2761 vel
733 2721 917 2761 aestate
948 2720 1063 2761 anni
1098 2720 1196 2762 193.

329 2791 455 2846 Quia
487 2803 600 2846 ergo
633 2791 820 2834 libellus
852 2791 909 2834 (16
943 2792 1090 2847 pallio
1122 2792 1219 2835 iam
1252 2806 1377 2836 anno
1404 2794 1488 2836 193
1512 2794 1716 2849 scriptus
1749 2797 1834 2848 est,
1868 2793 2075 2836 omnium
2109 2794 2335 2836 librorum
2359 2793 2637 2836 Tertulliani

181 2876 301 2919 quos
334 2863 568 2906 habemus
600 2863 780 2919 primus
811 2867 896 2918 est,
945 2864 1070 2919 quod
1103 2864 1261 2907 adhuc
1295 2866 1422 2908 solus
1454 2866 1692 2908 Pamelius
1725 2867 1863 2920 vidit,
1912 2867 1991 2920 qui
2024 2866 2230 2920 quidem,
2264 2870 2315 2908 ut
2347 2879 2490 2921 supra
2523 2866 2636 2920 dixi,

180 2936 335 2978 minus
367 2939 498 2978 recte
539 2948 648 2978 eum
681 2949 804 2978 anno
841 2936 924 2978 196
958 2936 1186 2978 attribuit.
1251 2936 1408 2989 Quum
1447 2938 1494 2979 in
1533 2938 1627 2980 fine
1676 2939 1887 2980 eiusdem
1921 2938 2029 2980 libri
2062 2937 2381 2981 Tertullianus
2414 2937 2638 2982 Christia-

180 3020 294 3050 num
328 3020 379 3049 se
412 3020 516 3050 esse
550 3008 844 3063 profiteatur,
892 3007 983 3051 hoc
1015 3021 1200 3063 quoque
1233 3012 1528 3064 compertum
1561 3009 1808 3064 habemus,
1858 3023 1950 3065 quo
1983 3011 2082 3053 fere
2115 3014 2327 3066 tempore
2360 3010 2637 3065 religionem

179 3079 489 3122 christianam
521 3080 772 3135 amplexus
804 3080 875 3123 sit.

323 3197 336 3221 ¹
359 3198 587 3234 Hoefner
614 3209 708 3252 pag.
730 3199 809 3234 127.
847 3199 924 3234 Die
941 3199 1115 3235 Miinzen
1142 3200 1212 3235 des
1232 3199 1411 3237 Severus
1438 3211 1514 3235 aus
1541 3201 1577 3235 d.
1605 3201 1641 3236 J.
1671 3202 1740 3235 193
1766 3203 1838 3236 mit
1865 3202 1938 3235 der
1966 3202 2205 3237 Umschrift:
2234 3201 2406 3237 Saeculo
2433 3204 2636 3248 frugifero

179 3258 351 3294 riihmen
378 3258 444 3294 die
472 3258 789 3295 Fruchtbarkeit
817 3260 890 3296 des
915 3260 1073 3306 Jahres‚
1102 3261 1212 3296 nicht
1238 3260 1303 3296 die
1330 3260 1443 3295 Fiille
1470 3260 1544 3296 der
1573 3259 1983 3296 Getreidezufuhren.
2035 3260 2108 3297 Du
2120 3272 2210 3307 ruy
2238 3272 2332 3308 pag.
2359 3261 2440 3298 251.
2482 3260 2635 3298 Severe

178 3318 333 3355 laissait
371 3318 555 3355 deri-iere
583 3319 640 3354 lui
667 3319 704 3355 16
732 3324 848 3356 senat
881 3331 932 3356 en
959 3320 1153 3365 defiance,
1187 3321 1287 3356 mais
1326 3319 1362 3356 16
1396 3319 1545 3366 peuple
1571 3330 1675 3366 repu
1703 3320 1752 3355 de
1780 3320 1883 3355 fetes
1922 3324 1962 3356 et
1996 3321 2100 3356 dans
2136 3321 2175 3356 la
2196 3321 2282 3365 joie
2309 3321 2431 3356 d¹une
2456 3323 2634 3357 moisson

175 3378 424 3415 abondante.
