2826 3982
1371 334 1374 335 γ
1385 294 1414 335 5

167 425 379 482 Aprilis).
444 427 663 484 Severus,
711 430 781 473 rei
829 429 1048 473 militaris
1087 428 1388 485 peritisimus,
1436 437 1609 469 nomen
1641 426 1916 480 Pertinacis,
1965 425 2044 480 qui
2083 424 2219 467 bonis
2257 423 2475 465 omnibus
2508 422 2625 465 desi-

171 498 355 541 derium
387 500 458 541 sui
490 500 764 555 reliquerat,
813 501 903 543 sibi
935 501 1169 555 imposuit,
1209 500 1405 554 eiusque
1437 510 1605 541 necem
1644 510 1694 540 se
1727 498 1933 539 ulturum
1965 497 2258 552 promittens,
2308 495 2468 537 statim
2515 507 2625 537 cum

169 570 386 613 exercitu
433 573 600 614 contra
631 572 868 614 Iulianum
899 575 951 614 ut
987 571 1171 614 hostem
1202 560 1524 626 proficiscens,
1573 573 1743 612 senatu
1791 569 1891 623 ipso
1923 569 2085 623 invito,
2126 567 2377 622 imperium
2411 566 2624 621 arripuit.

168 641 287 684 Cum
310 641 474 684 Clodio
497 643 625 684 enim
645 643 832 697 Albino,
866 643 988 685 duce
1010 644 1249 686 exercitus
1271 642 1547 696 Britannici,
1581 641 1657 684 cui
1692 644 1884 684 senatus
1916 640 2123 683 maxime
2156 639 2369 693 favebat,
2404 637 2624 691 Severus,

166 714 243 756 vir
275 715 459 770 pollens
491 715 687 756 consilio
719 718 864 769 atque
895 716 1162 769 prudentia,
1201 716 1550 769 paciscebatur,
1591 715 1728 768 eique
1763 712 1981 756 Caesaris
2013 725 2184 755 nomen
2219 716 2363 766 atque
2396 709 2623 753 honorem

166 786 374 828 obtulit¹.
428 787 642 841 Albinus,
676 787 789 840 licet
821 788 882 828 ab
915 788 1131 829 exercitu
1159 788 1432 829 Britannico
1466 788 1723 841 imperator
1755 786 2038 840 appellatus,
2073 799 2127 826 eo
2160 784 2338 825 honore
2372 784 2624 824 contentus

167 862 273 900 erat
306 861 353 900 et
384 859 433 900 in
463 855 796 913 Septimiorum
834 859 1063 901 familiam
1096 860 1348 913 adoptatus
1380 860 1427 900 in
1459 859 1705 901 Britannia
1746 859 1918 900 mansit
1951 871 2105 912 neque
2146 861 2258 899 ante
2292 856 2476 898 initium
2510 854 2623 897 anni

170 929 254 972 196
286 929 489 984 Augusti
520 943 692 973 nomen
725 929 938 985 arripuit.

309 999 477 1057 Itaque
510 1005 607 1045 tres
639 1001 688 1044 in
720 1002 968 1057 republica
1001 1001 1349 1058 praecellentes
1380 1000 1472 1044 viri
1505 1001 1670 1044 eodem
1704 1002 1803 1044 fere
1836 1006 2047 1056 tempore
2080 1013 2239 1044 rerum
2262 1000 2395 1056 potiti
2420 998 2621 1053 Augusti

166 1076 215 1116 et
237 1073 548 1128 imperatores
571 1074 800 1129 appellati
833 1078 955 1129 sunt,
989 1074 1123 1117 cuius
1144 1073 1214 1116 rei
1246 1073 1438 1116 nuntius
1460 1086 1602 1127 quam
1633 1074 1879 1115 celerrime
1913 1074 1960 1115 in
1993 1074 2266 1115 universum
2289 1074 2452 1115 orbem
2476 1076 2620 1126 atque

169 1145 314 1188 etiam
346 1145 394 1188 in
425 1145 639 1189 Africam
672 1146 857 1189 delatus
890 1149 975 1189 est.
1040 1144 1281 1200 Quantam
1313 1145 1405 1188 hoc
1438 1145 1616 1188 factum
1650 1145 1890 1199 singulare
1939 1149 1985 1187 et
2017 1151 2278 1187 memoratu
2313 1145 2506 1199 dignum
2540 1144 2620 1185 ad-

169 1217 469 1260 mirationem
502 1218 676 1273 ubique
716 1222 951 1261 terrarum
983 1219 1199 1272 moverit,
1249 1231 1309 1260 ex
1341 1218 1420 1260 illo
1452 1216 1617 1260 Dionis
1665 1218 1767 1259 loco
1806 1218 2011 1259 maxime
2046 1218 2335 1271 intelligitur,
2384 1230 2475 1271 quo
2524 1224 2620 1258 tres

165 1287 298 1333 circa
330 1288 477 1334 solem
509 1289 672 1334 stellas
694 1290 972 1347 apparuisse
996 1294 1174 1346 narrat,
1208 1301 1353 1346 quum
1376 1289 1587 1333 Iulianus
1609 1290 1769 1332 natale
1804 1289 1989 1345 imperii
2011 1289 2261 1331 celebrans
2294 1294 2404 1329 ante
2438 1289 2619 1329 curiam

166 1360 472 1416 sacrificavit,
521 1362 647 1417 quod
678 1361 782 1417 Dic,
823 1365 874 1405 ut
899 1363 1094 1417 assolet,
1143 1365 1380 1405 ostentum
1414 1363 1515 1404 eius
1547 1363 1615 1403 rei
1649 1374 1753 1403 esse
1786 1363 1959 1402 duxit&
2024 1362 2186 1416 Neque
2221 1362 2619 1415 praetereundum

163 1432 369 1488 videtur,
403 1434 527 1489 quod
550 1433 829 1490 Spartianus
857 1439 1042 1477 narrat:
1076 1437 1247 1489 „Vates
1270 1435 1500 1491 Apollini-x
1522 1436 1747 1490 Delphici,
1783 1449 1916 1489 quum
1950 1436 2251 1485 nuntiaretur,
2286 1439 2377 1473 tres
2416 1449 2507 1473 ess-e
2541 1435 2620 1473 im-

159 1511 400 1562 peratores
423 1507 651 1560 Severum,
686 1508 896 1563 Niyru-m,
931 1507 1161 1560 Albinum,
1196 1509 1438 1560 consultus,
1462 1522 1588 1562 quem
1614 1508 1849 1561 eoepediret
1873 1507 2145 1561 reipublicae
2168 1507 2408 1560 imperare,
2443 1520 2617 1546 versum

168 1577 394 1621 Graec-ema
427 1579 686 1621 huiusmodi
714 1580 893 1636 fudisse
926 1581 1114 1622 dicitur:
1179 1581 1387 1636 Optimus
1419 1585 1483 1622 est
1516 1580 1702 1631 Fuscus,
1738 1580 1877 1620 bonm-
1909 1578 2040 1634 Afer,
2067 1579 2293 1634 pessimus
2326 1577 2537 1620 All›ux“·'⁴.

306 1650 417 1691 Illos
450 1654 548 1692 tres
580 1651 709 1692 viros
742 1651 1054 1705 imperatores
1087 1664 1189 1693 sese
1221 1655 1267 1693 et
1289 1652 1527 1704 Augustos
1560 1652 1827 1705 appellasse
1869 1663 1959 1691 non
1995 1652 2143 1691 solum
2177 1651 2459 1704 scriptorum
2493 1649 2618 1691 testi-

164 1721 332 1763 moniis
374 1734 542 1764 verum
590 1722 734 1764 etiam
784 1722 1168 1778 inscriptionibus
1215 1734 1533 1777 nummorum,
1583 1735 1699 1776 quos
1748 1722 1811 1764 illi
1861 1722 2112 1765 cudebant.
2162 1722 2482 1764 confirmatur.
2563 1720 2616 1762 In

162 1793 366 1834 nummis
398 1793 524 1835 enim
556 1793 728 1836 Iuliani
762 1794 934 1847 legitur
965 1794 1085 1836 IMP.
1118 1794 1285 1838 CAES.
1317 1794 1613 1837 M.D1D1Vs
1646 1794 1854 1835 SEVER.
1879 1794 2104 1836 IVLIAN.
2129 1793 2299 1835 AVG.4
2333 1794 2378 1834 in
2412 1793 2616 1834 nummis

163 1876 279 1906 vero
312 1864 561 1907 Pescennii
593 1864 790 1908 1MP1C.
814 1865 976 1909 PESC.
1009 1865 1213 1909 NIGER.
1246 1866 1396 1909 IVST.
1430 1865 1601 1909 AVG.='›
1653 1865 1881 1907 Severum
1915 1870 2074 1908 autem
2108 1865 2298 1907 eosdem
2332 1864 2492 1906 titulos
2526 1863 2615 1905 sibi

158 1936 449 1992 imposuisse,
498 1949 635 1979 nemo
668 1940 740 1980 est
772 1938 851 1993 qui
884 1941 1039 1993 neget,
1088 1951 1232 1993 quum
1279 1938 1564 1981 numismata
1611 1937 1751 1993 primi
1796 1938 1907 1981 anni
1947 1939 2048 1980 eius
2083 1938 2111 1979 i.
2146 1950 2186 1979 e.
2220 1937 2334 1979 anni
2371 1937 2455 1978 193
2489 1936 2616 1978 hanc

158 2009 513 2064 inscriptionem
546 2010 782 2053 habeant:
815 2009 866 2053 L.
900 2009 1062 2053 SEPT.
1096 2010 1224 2054 SEV.
1257 2010 1427 2054 PERT.
1461 2011 1603 2054 AVG.
1638 2012 1786 2054 IMP.⁴³

302 2080 388 2124 His
419 2081 564 2136 igitur
596 2081 876 2125 testimoniis
908 2085 955 2125 et
987 2083 1190 2125 nummis
1223 2082 1337 2126 satis
1384 2083 1636 2139 probatum
1670 2086 1754 2138 est,
1803 2084 1967 2127 orbem
2001 2095 2125 2126 anno
2163 2083 2247 2125 193
2281 2086 2379 2126 tres
2412 2083 2615 2138 impera-

157 2155 284 2195 tores
322 2155 369 2195 et
401 2155 498 2196 tres
529 2153 767 2207 Augustos
799 2153 1035 2209 habuisse,
1070 2157 1263 2210 praeter
1294 2167 1440 2197 unum
1473 2154 1744 2209 Caesarem,
1780 2154 1994 2199 Clodium
2027 2155 2133 2197 dico
2166 2155 2405 2197 Albinum.
2471 2155 2615 2208 Atqui

161 2224 519 2266 concedendum
552 2228 637 2278 est,
671 2225 796 2267 idem
829 2225 1006 2267 Severo
1040 2226 1305 2280 imperante
1339 2227 1509 2268 iterum
1543 2227 1776 2268 accidisse
1817 2227 1954 2268 annis
1987 2227 2241 2268 209-211.
2305 2226 2456 2267 Victis
2489 2227 2617 2267 enim

159 2299 206 2336 et
238 2296 500 2337 interfectis
532 2296 823 2338 adversariis
855 2298 1087 2351 omnibus,
1121 2297 1328 2339 Severus
1376 2298 1484 2339 filiis
1533 2298 1629 2339 suis
1670 2311 1878 2340 summos
1910 2298 1958 2339 in
1991 2297 2239 2351 republica
2273 2297 2475 2339 honores
2509 2310 2617 2339 con-

158 2367 277 2408 tulit.
328 2366 580 2409 Caracalla
612 2369 762 2409 maior
794 2372 923 2422 natu,
972 2369 1199 2411 Antonini
1233 2370 1424 2411 nomine
1458 2373 1665 2423 ornatus,
1700 2373 1811 2411 ante
1851 2369 1950 2412 Cal.
1974 2369 2120 2412 Iulias
2152 2369 2265 2411 anni
2301 2369 2412 2411 1967
2437 2368 2617 2412 Caesar

161 2441 351 2480 creatus
384 2450 413 2480 a
445 2438 623 2481 Senatu
670 2439 846 2482 honore
894 2440 1198 2495 imperatorio
1247 2445 1429 2495 auctus,
1479 2445 1662 2483 aestate
1711 2441 1824 2484 anni
1861 2440 1944 2483 198
1977 2453 2007 2483 a
2040 2444 2176 2496 patre
2210 2453 2382 2483 nomen
2415 2440 2615 2494 Augusti

159 2509 188 2550 i.
223 2522 262 2551 e.
297 2510 585 2551 consortium
632 2511 818 2565 imperii
865 2512 1080 2565 obtinuit,
1130 2511 1252 2554 Geta
1285 2525 1400 2554 vero
1433 2513 1614 2567 pariter
1646 2512 1838 2566 Caesar,
1888 2512 2059 2555 deinde
2108 2525 2232 2555 anno
2274 2513 2360 2554 208
2410 2518 2615 2554 exeunte

159 2580 403 2634 Augustus
435 2581 590 2623 factus
621 2586 704 2635 est,
740 2594 942 2637 eumque
966 2584 1267 2637 imperatoris
1289 2597 1462 2627 nomen
1493 2586 1603 2627 inde
1637 2586 1698 2626 ab
1732 2598 1856 2626 anno
1880 2585 1982 2638 205,
2016 2598 2108 2639 quo
2142 2585 2308 2626 consul
2341 2584 2617 2636 designatus

159 2654 245 2706 est,
287 2651 526 2706 habuisse,
560 2653 764 2696 nummis
812 2654 912 2696 eius
951 2655 1196 2709 probatur.
1263 2654 1424 2709 Quare
1472 2668 1565 2699 non
1614 2661 1685 2699 est
1718 2657 2003 2711 negandum,
2053 2656 2303 2711 imperium
2350 2655 2615 2698 Romanum

157 2726 255 2766 tres'
286 2723 523 2778 Augustos
572 2727 618 2767 et
660 2727 757 2767 tres
806 2725 1118 2780 imperatores
1157 2727 1329 2770 iterum
1363 2728 1450 2771 sub
1484 2728 1661 2771 Severo
1694 2729 1917 2770 habuisse
1950 2728 2058 2770 inde
2092 2729 2153 2769 ab
2187 2740 2311 2770 anno
2345 2729 2431 2770 208
2467 2740 2614 2782 usque

157 2795 218 2839 ad
250 2796 429 2839 obitum
462 2797 640 2840 Severi.

302 2952 314 2976 ¹
341 2951 679 2999 Capitolinus,
708 2953 816 2989 Clod.
845 2953 933 2989 Alb.
956 2966 987 2989 c.
1017 2956 1037 2990 7
1064 2961 1102 2990 ct
1132 2956 1185 2991 10.

301 3012 316 3035 '2
342 3012 436 3048 Dio
463 3014 520 3058 73,
549 3013 603 3047 14.

302 3071 317 3095 ³
342 3072 499 3119 Spart.
527 3074 722 3109 Pescenn.
751 3086 783 3108 c.
810 3075 843 3109 8.

301 3131 318 3157 ⁴
343 3133 527 3180 Cohen,
569 3134 696 3170 descr.
724 3134 813 3170 hist.
842 3134 912 3170 des
938 3135 1149 3171 monnaies
1178 3138 1251 3171 etc.
1304 3134 1375 3171 Ed.
1403 3134 1439 3170 II
1467 3138 1492 3171 t.
1520 3134 1577 3171 III
1606 3146 1699 3182 pag.
1727 3135 1798 3171 398
1825 3147 1935 3181 seqq.
1987 3135 2143 3172 Nomen
2172 3135 2336 3172 SEVER
2373 3137 2412 3171 in
2440 3137 2616 3171 nummis

157 3193 303 3230 Iuliani
329 3205 626 3241 nonnunquam
653 3195 918 3233 desideratur.

300 3253 316 3278 ⁵
341 3254 399 3291 Id.
425 3255 521 3292 ibid.
547 3267 642 3303 pag.
668 3255 741 3292 404
766 3256 875 3303 seqq.

301 3314 317 3337 ⁶
341 3315 399 3351 Id.
428 3316 524 3352 ibid.
552 3320 578 3352 t.
606 3316 660 3353 IV
686 3328 781 3364 pag.
809 3317 841 3362 9,
868 3328 933 3353 no.
961 3317 1018 3353 56.
1045 3317 1102 3353 65.
1129 3318 1185 3353 66.

303 3374 318 3398 ⁷
343 3375 510 3412 Codex
539 3377 656 3412 Iust.
684 3377 738 3412 IV
765 3379 821 3422 19,
850 3379 881 3412 1.
932 3378 1091 3413 Fuchs
1120 3389 1214 3424 pag.
1241 3379 1288 3413 58
1314 3382 1353 3412 et
1379 3378 1435 3412 69.
