2826 3982
1415 283 1473 325 32

356 415 509 456 Locus
541 416 685 468 igitur
716 417 1018 471 praecipuus,
1067 416 1145 470 qui
1184 415 1244 456 ad
1285 415 1622 457 inveniendum
1657 419 1842 470 tempus
1876 414 2073 457 idoneus
2107 419 2192 470 est,
2226 416 2357 458 initio
2390 415 2527 457 huius
2558 415 2668 457 libri

211 487 403 539 legitur:
458 488 676 528 Proaeime
720 488 899 543 factum
948 493 1035 541 est,·
1089 488 1338 529 liberalitas
1384 487 1888 541 praestantissimorum
1941 487 2269 542 imperatorum
2325 487 2669 543 eoepunqebatur

212 559 259 599 in
292 559 466 599 eastris.
533 556 648 611 Cap.
686 559 724 599 1.
774 557 867 600 Sed
900 572 1058 614 quum,
1099 562 1148 599 ut
1181 569 1324 613 supra
1358 558 1535 600 dictum
1569 561 1654 612 est,
1694 557 1973 612 largitiones
2005 557 2204 601 duorum
2237 559 2317 602 vel
2349 558 2490 602 trium
2522 557 2668 613 impe*—

210 632 421 671 ratoruln
455 641 731 672 communes
764 630 972 684 quinque
1006 632 1161 672 factae
1195 631 1300 681 sint,
1334 629 1412 670 hic
1446 630 1576 671 locus
1608 641 1695 683 per
1727 642 1777 671 se
1810 642 1906 670 non
1938 629 2128 684 sufficit,
2162 633 2213 670 ut
2246 630 2365 672 certi
2397 629 2576 684 aliquid
2608 629 2667 671 de

210 706 423 755 tempore
463 703 742 755 statuamuS,
792 714 884 757 quo
923 701 1010 745 iste
1050 702 1169 744 liber
1207 701 1409 755 scriptus
1448 701 1519 744 sit.
1584 700 1744 753 Quare
1783 701 1903 743 alias
1941 701 2166 755 temporis
2204 706 2341 743 notas
2381 714 2668 755 quaeramus

209 776 407 828 oportet.
472 772 789 816 Inveniuntur
821 775 981 817 autem
1015 773 1150 828 duae,
1184 784 1384 828 quarum
1417 772 1568 828 potior
1600 775 1685 828 est,
1719 772 1844 828 quod
1878 771 2212 828 Tertullianus,
2246 787 2339 829 quo
2371 778 2583 828 tempore
2615 774 2666 815 li-

208 845 347 886 brum
380 844 508 887 hunc
541 846 821 899 publicavit,
856 847 1064 887 Montani
1098 847 1192 887 iam
1224 845 1496 901 prophetias
1528 845 1717 887 admisit
1750 857 1809 887 ac
1831 844 2133 887 defendebat.
2195 844 2517 902 Reprehendit
2540 843 2665 888 enim

207 916 257 959 in
291 917 449 973 capite
482 917 634 973 primo
668 931 762 971 eos,
796 919 876 974 qui
907 919 1014 962 illas
1040 920 1432 974 aspernabantur,
1466 918 1537 960 his
1569 918 1749 960 verbis:
1784 918 2056 974 Prophetias
2089 919 2287 960 eiusdem
2309 919 2499 976 spiritus
2520 918 2667 960 sancti

209 995 497 1048 respuerunt.
562 990 720 1047 Atqui,
755 991 977 1047 quoniam
1011 991 1328 1036 Tertullianus
1360 991 1567 1033 Montani
1601 991 1825 1044 dogmata
1857 994 1969 1032 ante
2001 1004 2179 1032 annum
2212 991 2301 1032 205
2334 1004 2427 1032 non
2460 994 2531 1032 est
2563 1002 2667 1045 pro—

210 1064 377 1116 fessus,
411 1062 765 1117 liberalitatum,
800 1075 918 1118 quas
942 1075 1084 1119 supra
1109 1063 1596 1116 commemoravimuS,
1621 1062 1742 1105 duae
1765 1062 1845 1104 vel
1867 1066 1963 1104 tres
1986 1062 2168 1116 priores
2191 1062 2518 1104 excludendae
2543 1064 2664 1103 sunt.

355 1135 553 1176 Restant
586 1136 729 1188 igitur
760 1135 883 1177 aliae
917 1135 1053 1188 duae,
1088 1147 1211 1190 quae
1244 1139 1348 1190 post
1381 1147 1557 1177 annum
1589 1134 1676 1177 205
1710 1138 1978 1188 expunctae
2012 1135 2133 1187 sunt,
2167 1133 2479 1175 liberalitates
2507 1133 2665 1187 Augu-

210 1213 387 1246 storum
421 1207 533 1246 anni
566 1207 653 1247 208
688 1211 734 1248 et
766 1206 878 1248 anni
911 1207 994 1248 211
1032 1219 1076 1261 p.
1112 1205 1235 1260 Chr.,
1276 1219 1477 1261 quarum
1515 1207 1666 1248 altera
1705 1217 1762 1248 ea
1796 1205 1985 1247 videtur
2027 1217 2145 1258 esse,
2193 1204 2251 1247 de
2300 1217 2395 1258 qua
2443 1205 2662 1259 loquitur,

210 1277 541 1318 Tertullianus.
606 1277 673 1318 Eo
706 1277 831 1319 enim
865 1281 1092 1333 tempore,
1127 1290 1218 1333 quo
1252 1278 1341 1320 ista
1375 1278 1578 1334 pecunia
1611 1277 1835 1320 militibus
1864 1275 2151 1331 Carthagine
2186 1275 2438 1319 distributa
2471 1283 2555 1330 est,
2590 1289 2664 1319 ec—

208 1350 354 1390 clesia
396 1348 802 1402 Carthaginiensis
842 1362 870 1390 a
911 1350 1242 1404 persecutione
1283 1351 1434 1392 libera
1473 1354 1576 1392 erat
1608 1353 1655 1392 et
1695 1349 1870 1392 iamdiu
1908 1364 2020 1405 pace
2054 1350 2169 1391 bona
2202 1348 2462 1391 fruebatur.
2527 1347 2662 1402 Quae

207 1434 302 1476 pax
336 1433 394 1462 ne
429 1421 487 1462 ob
522 1421 681 1462 militis
713 1421 837 1462 illius
871 1421 1117 1463 stultitiam
1148 1423 1523 1477 perturbaretur,
1549 1422 1805 1464 timidiores
1828 1420 2080 1464 Christiani
2115 1425 2225 1463 tunc
2250 1433 2344 1462 non
2368 1421 2468 1463 sine
2492 1432 2663 1463 caussa

205 1493 495 1545 metuebant,
531 1504 733 1546 eumque
766 1492 943 1534 acriter
975 1492 1336 1547 vituperabant:
1387 1495 1693 1536 Mases-itabant
1721 1494 1909 1549 denique
1946 1498 2038 1535 tam
2070 1495 2229 1535 bonam
2263 1498 2303 1535 et
2336 1494 2543 1550 Ionqam
2577 1494 2663 1536 sibe?

203 1579 358 1621 pacem
389 1564 663 1621 periclitari.

351 1637 397 1679 Si
431 1636 781 1691 liberalitatem,
815 1649 938 1692 quae
957 1634 1237 1680 Christianis
1256 1636 1728 1690 Carthaginiensibus
1762 1640 1944 1679 tantum
1977 1641 2153 1679 metum
2185 1638 2394 1691 incussit,
2428 1650 2534 1680 eam
2557 1649 2660 1679 esse

205 1711 422 1763 velimus,
456 1721 580 1763 quae
614 1721 738 1751 anno
771 1709 857 1751 208
892 1712 1132 1764 expuncta
1166 1714 1250 1762 est,
1291 1713 1478 1764 tempus
1519 1723 1548 1751 a
1587 1709 1680 1751 fine
1721 1710 2064 1764 persecutionis
2096 1710 2384 1752 severianae
2418 1722 2565 1764 usque
2599 1709 2661 1751 ad

204 1783 337 1825 illum
370 1781 495 1823 diem
528 1780 724 1823 brevius
756 1780 934 1835 fuisset,
969 1793 1111 1835 quam
1145 1784 1195 1823 ut
1228 1793 1338 1835 pax,
1373 1794 1467 1835 qua
1501 1781 1781 1823 fruebantur
1799 1780 2067 1835 Christiani,
2102 1782 2268 1835 longa
2290 1782 2383 1824 dici
2415 1782 2656 1836 potuisset.

205 1854 422 1898 Cessavit
461 1853 587 1895 enim
621 1854 888 1908 persecutio
905 1853 1178 1906 Severiana,
1213 1865 1336 1907 quae
1377 1853 1565 1908 proprie
1598 1853 1784 1906 dicitur,
1818 1853 1866 1895 in
1883 1853 2047 1896 Africa
2079 1866 2172 1896 non
2205 1856 2316 1896 ante
2347 1867 2524 1896 annum
2556 1854 2658 1906 204,

204 1939 348 1982 quum
383 1925 648 1968 Guddenen
681 1937 805 1967 anno
838 1926 925 1967 203
957 1926 1236 1979 martyrium
1271 1925 1469 1968 subiisse
1503 1929 1632 1967 certo
1666 1928 1849 1967 constet
1870 1927 1897 1967 ¹.
1961 1925 2129 1967 Melius
2162 1938 2276 1968 vero
2308 1938 2385 1967 res
2417 1938 2467 1968 se
2500 1926 2658 1979 habet,

205 1999 243 2041 si
275 1999 406 2040 illam
440 1997 776 2039 liberalitatem
810 1997 1048 2051 sumimus,
1083 2009 1225 2052 quam
1249 1996 1502 2040 Caracalla
1525 1999 1571 2039 et
1589 1995 1710 2040 Geta
1743 2000 1848 2053 post
1881 1997 2058 2040 bellum
2075 1997 2402 2041 Britannicum
2434 1997 2660 2040 militibus

204 2070 362 2124 largiti
404 2074 526 2123 sunt,
576 2069 688 2123 quia
726 2069 835 2110 inde
874 2070 935 2111 ab
976 2082 1099 2111 anno
1131 2070 1219 2111 204
1261 2082 1408 2124 usque
1448 2070 1508 2111 ad
1541 2081 1719 2111 annum
1751 2070 1835 2111 211
1873 2072 2057 2124 septem
2088 2069 2201 2112 anni
2241 2069 2376 2124 pacis
2409 2072 2455 2112 et
2488 2069 2658 2124 quietis

203 2146 552 2198 computantur,
586 2141 653 2183 ita
686 2146 736 2183 ut
767 2140 890 2184 haec
923 2152 1018 2196 pax
1051 2140 1203 2196 potius
1237 2141 1401 2195 longa
1434 2141 1526 2184 dici
1560 2141 1776 2196 potuerit,
1811 2154 1954 2195 quam
1986 2141 2070 2184 illa
2102 2141 2243 2184 trium
2275 2155 2521 2184 annorum.
2588 2149 2599 2167 ⁸

346 2214 506 2268 Quare
542 2214 712 2254 librum
737 2213 796 2254 de
819 2223 995 2255 corona
1027 2212 1185 2256 militis
1218 2223 1341 2256 anno
1375 2213 1457 2257 211
1486 2224 1514 2256 a
1532 2210 1823 2257 Tertulliano
1856 2210 2035 2257 editum
2068 2227 2186 2266 esse,
2219 2212 2315 2256 iam
2337 2214 2523 2268 pridem
2554 2228 2658 2269 per-

200 2288 335 2342 spexi
369 2291 415 2327 et
448 2286 653 2338 defendi,
696 2286 772 2327 cui
806 2285 1012 2340 opinioni
1053 2296 1204 2340 nuper
1234 2284 1508 2328 Noldechen
1543 2297 1764 2329 assensus
1797 2288 1881 2339 est,
1916 2285 2199 2329 Bonwetsch
2231 2286 2343 2329 licet
2374 2287 2655 2341 refragetur.

345 2358 414 2399 Ne
449 2358 574 2411 quid,
615 2357 741 2411 quod
774 2357 835 2398 ad
869 2368 970 2398 rem
1003 2356 1240 2411 pertinere
1275 2356 1477 2410 videtur,
1512 2357 1739 2410 omittam,
1773 2356 2059 2399 Tillemontii
2092 2357 2237 2399 etiam
2269 2358 2557 2400 mentionem
2591 2359 2657 2401 fa-

199 2430 286 2483 cio,
336 2430 415 2484 qui
463 2429 591 2471 hunc
632 2429 803 2470 librum
842 2440 968 2470 anno
1009 2427 1096 2470 235
1135 2428 1362 2483 scriptum
1401 2440 1504 2470 esse
1543 2431 1679 2482 putat
1698 2429 1727 2470 2.
1793 2428 1846 2470 Id
1885 2441 1994 2471 eum
2034 2429 2235 2471 sensisse
2275 2442 2413 2471 nemo
2445 2431 2654 2484 miretur,

198 2513 344 2557 quum
383 2501 457 2542 vir
506 2504 717 2542 ceterum
758 2499 1058 2542 doctissimus
1090 2497 1431 2543 Tertullianum
1471 2512 1618 2554 usque
1658 2500 1719 2543 ad
1758 2513 1937 2543 annum
1970 2500 2060 2543 245
2091 2501 2267 2544 vixisse
2307 2506 2453 2556 putet.
2518 2503 2655 2545 Hanc

198 2574 390 2628 quidem
423 2573 690 2628 opinionem
723 2572 770 2614 in
804 2571 1031 2614 trutinam
1065 2583 1294 2615 revocare
1319 2583 1514 2615 necesse
1548 2584 1640 2615 non
1664 2575 1749 2627 est,
1783 2585 1929 2627 quum
1946 2571 2276 2629 Hieronymus,
2311 2574 2655 2618 Tertullianum

198 2647 285 2688 sub
319 2646 497 2687 Severo
538 2645 751 2700 principe
793 2648 840 2686 et
873 2644 1111 2686 Antonino
1146 2643 1397 2686 Caracalla
1434 2644 1641 2687 maxime
1681 2644 1906 2698 floruisse,
1947 2645 2074 2688 dicat
2094 2647 2123 2687 ³.
2187 2645 2279 2689 Sed
2312 2646 2655 2690 Tertullianum

197 2719 324 2760 hunc
358 2718 529 2759 librum
562 2730 687 2758 anno
720 2717 808 2758 235
842 2716 1031 2758 omnino
1064 2728 1157 2757 non
1192 2716 1450 2771 scripsisse,
1483 2716 1579 2758 iam
1611 2715 1720 2758 inde
1754 2719 1899 2771 patet,
1943 2716 2053 2771 quia
2091 2717 2179 2760 isto
2220 2730 2345 2761 anno
2384 2731 2477 2761 non
2518 2723 2654 2762 erant

198 2791 356 2843 plures
375 2790 575 2842 Augusti
608 2789 691 2829 sed
726 2801 845 2828 unus
863 2789 1104 2841 Augustus
1138 2796 1185 2828 et
1218 2788 1489 2841 imperator,
1524 2787 1808 2828 Maximinus
1831 2786 2006 2841 Thrax,
2040 2791 2086 2831 et
2119 2789 2317 2843 proinde
2335 2788 2654 2833 Tertullianus

196 2874 316 2902 voce
354 2860 642 2915 „liberalitas
674 2859 1038 2912 Augustoru1n“,
1075 2860 1140 2900 uti
1174 2871 1268 2900 non
1302 2859 1465 2912 potuit,
1499 2858 1582 2900 sed
1617 2858 1877 2900 liberalitas
1910 2858 2145 2912 Augusti4
2179 2860 2337 2904 dicere
2371 2861 2547 2905 debuit.

343 3052 352 3076 ¹
381 3052 482 3088 Vide
510 3051 696 3087 Adonis
722 3051 1062 3097 martyrologium
1090 3049 1143 3085 ad
1171 3049 1277 3085 diem
1308 3050 1362 3084 18.
1390 3048 1491 3083 Iulii.

339 3112 355 3136 2
381 3112 514 3148 Tille
527 3123 564 3148 m
577 3115 657 3148 ont
685 3111 899 3147 memoires
927 3122 963 3156 p.
991 3122 1019 3145 s.
1048 3113 1073 3145 t.
1103 3108 1160 3145 III
1188 3120 1281 3155 pag.
1309 3109 1356 3143 99
1383 3113 1421 3144 et
1451 3109 1529 3143 101.
1582 3108 1651 3143 Ed.
1679 3108 1843 3144 Bruxel.

340 3173 354 3193 ²³
380 3173 575 3209 Hieron.
604 3172 653 3208 de
682 3172 754 3207 vir.
783 3171 834 3206 ill.
863 3181 895 3207 c.
922 3170 978 3207 53.
1722 3196 1724 3198 .

338 3234 353 3256 ⁴
380 3234 544 3269 Cohen
572 3233 593 3267 l.
622 3233 644 3267 l.
673 3237 697 3267 t.
726 3231 780 3267 IV
803 3242 899 3289 pag.
926 3231 998 3266 416
1025 3241 1083 3266 nr.
1116 3229 1303 3265 141—145
1330 3233 1370 3264 et
1398 3239 1491 3275 pag.
1519 3229 1589 3265 507
1616 3239 1675 3265 nr.
1706 3229 1856 3266 19-27,
