2826 3982
1423 324 1477 367 19

210 473 283 504 nr.
316 461 404 504 939
436 460 622 515 legitur,
655 460 718 502 ad
746 459 1004 514 Scapulam
1035 461 1248 501 nostrum
1279 456 1519 512 pertinere
1551 460 1699 510 putat,
1733 457 1807 498 vir
1838 457 1916 500 ille
1955 457 2255 500 doctissimus
2288 456 2337 497 in
2370 455 2663 498 coniiciendo

210 532 352 575 nimis
383 532 663 584 audax'est,
711 531 824 584 quia
871 530 920 572 in
959 530 1039 572 illo
1080 529 1239 584 lapide
1287 527 1609 570 mutilissimo¹
1643 538 1811 569 nomen
1844 528 2077 583 Scapulae
2126 527 2317 570 omnino
2350 539 2444 569 non
2477 526 2663 579 legitur.

210 603 394 658 Itaque,
427 602 552 657 quod
584 601 727 644 valde
761 592 1016 643 dolendum
1046 603 1132 654 est,
1165 600 1302 654 plura
1334 598 1394 641 de
1423 597 1630 652 Scapula
1661 599 1952 652 proconsule,
1985 599 2066 654 qui
2099 611 2225 642 anno
2263 597 2427 651 197s9s
2451 597 2662 639 Africam

209 673 509 730 provinciam
540 671 911 725 administravit,
945 674 996 714 ut
1026 683 1172 726 supra
1204 670 1383 714 dictum
1415 672 1500 724 est,
1534 669 1670 712 nobis
1702 682 1795 712 non
1827 670 2144 714 innotuerunt.

356 744 582 798 Quaestio
615 742 807 798 quidem
845 741 1194 797 chronologica,
1242 753 1386 796 quam
1419 740 1764 784 discutiendam
1813 741 1925 784 mihi
1963 754 2318 798 proposueram,
2368 753 2657 796 quamquam

209 816 275 860 ad
306 816 449 859 finem
481 815 576 858 iam
610 814 842 870 perducta
875 813 1064 856 videtur
1096 825 1213 868 esse,
1247 813 1407 856 facere
1440 825 1534 855 non
1566 824 1769 868 possum,
1803 813 1913 868 quin
1937 827 1965 856 a
1989 827 2135 870 penso
2169 813 2384 869 paullum
2408 812 2660 867 digrediar.

209 888 334 932 Nam
356 900 502 943 quum
533 887 580 930 in
614 886 902 930 mentionem
934 885 1170 941 Scapulae
1202 885 1496 941 proconsulis
1529 884 1790 938 inciderim,
1830 899 1921 928 non
1953 887 2040 929 abs
2072 899 2124 929 re
2158 885 2362 940 videtur,
2397 885 2455 927 de
2489 885 2660 927 ceteris

209 971 399 1015 quoque
432 946 804 1014 proconsulibus,
838 958 933 1012 qui,
966 970 1058 1013 quo
1090 960 1302 1012 tempore
1335 956 1653 999 Tertullianus
1687 957 1818 1010 vixit,
1852 958 2129 1012 provinciae
2162 957 2357 1000 Africae
2391 963 2660 1012 praeerant,

210 1043 369 1088 pauca
407 1031 580 1074 dicere.
645 1029 781 1084 Quod
819 1033 870 1072 ut
908 1029 1096 1084 faciam,
1146 1041 1291 1084 quum
1339 1028 1444 1071 aliis
1492 1028 1551 1071 de
1599 1028 1756 1070 causis
1803 1029 2030 1084 adducor,
2081 1037 2181 1072 tum
2230 1034 2280 1071 ut
2329 1041 2390 1071 ex
2430 1028 2662 1071 hactenus

209 1103 352 1147 dictis
382 1103 565 1146 fructus
588 1102 829 1145 uberiores
850 1101 1086 1155 colligam,
1120 1100 1504 1155 quandoquidem
1535 1100 1742 1142 omnium
1767 1102 2045 1157 scriptorum
2069 1102 2350 1144 Tertulliani
2374 1101 2452 1143 hic
2476 1102 2662 1143 libellus

212 1188 334 1218 unus
382 1188 441 1218 ac
481 1175 607 1217 solus
654 1178 738 1227 est,
788 1173 865 1216 cui
912 1173 1147 1228 quaedam
1195 1172 1257 1214 ad
1305 1172 1549 1214 historia-ni
1597 1172 1783 1227 priscae
1817 1175 2047 1216 ecclesiae
2081 1175 2341 1216 Africanae
2375 1174 2662 1228 pertinentia

207 1250 349 1290 autor
379 1245 591 1288 inseruit.

357 1317 540 1374 Incipio
573 1329 602 1360 a
636 1317 739 1360 loco
772 1316 851 1359 illo
885 1315 1209 1371 celeberrimo,
1243 1328 1335 1371 quo
1368 1315 1611 1371 praesides
1644 1316 1833 1359 Africae
1868 1324 2217 1372 enumerantur,
2252 1318 2333 1372 qui
2368 1316 2661 1360 Christianos

208 1390 336 1432 illius
368 1390 645 1445 provinciae
678 1389 915 1444 persecuti
948 1391 1069 1430 sunt.
1115 1390 1373 1441 Possumus,
1408 1390 1553 1443 inquit
1594 1390 1912 1440 Tertullianus,
1946 1404 2082 1445 aeque
2116 1396 2156 1432 et
2190 1392 2342 1432 eoi-itus
2374 1391 2658 1444 quorundam

200 1462 473 1520 praesidum
513 1461 594 1505 tibi
619 1475 891 1518 proponere,
942 1461 1019 1517 qui
1066 1461 1114 1504 in
1150 1461 1239 1518 fine
1279 1460 1396 1503 vitae
1433 1474 1543 1503 suae
1576 1461 1801 1504 recordati
1833 1466 1936 1504 sunt
1984 1463 2235 1518 deliquisse,
2270 1463 2390 1518 quod
2423 1466 2660 1505 nea-assent

212 1534 511 1577 Christianos.
576 1536 632 1575 ivl
644 1565 774 1575 .....
794 1535 865 1574 ius
898 1533 1191 1585 Saturninus,
1225 1534 1301 1587 qui
1325 1534 1509 1587 primus
1540 1534 1610 1574 hic
1640 1534 1840 1588 yladium
1876 1536 1922 1574 in
1955 1548 2034 1575 nos
2067 1535 2165 1589 eyit,
2200 1535 2375 1576 Iumina
2408 1535 2564 1576 amisit
2575 1534 2602 1574 ².

354 1605 457 1647 Hoc
489 1606 592 1646 loco
626 1616 798 1647 nomen
830 1604 1124 1657 gentilicium
1173 1604 1296 1645 illius
1344 1604 1586 1658 praesidis,
1636 1604 1715 1657 qui
1763 1604 1940 1657 primus
1979 1604 2027 1646 in
2059 1605 2307 1658 provincia
2340 1605 2506 1647 Africa
2540 1604 2661 1647 chri-

208 1677 388 1719 stianos
420 1676 579 1730 gladio
612 1680 890 1730 persecutus
923 1678 1006 1729 est,
1055 1675 1227 1717 iniuria
1258 1678 1522 1729 temporum
1555 1675 1800 1728 interiisse,
1851 1676 1991 1717 valde
2024 1676 2276 1718 dolendum
2310 1679 2395 1718 est.
2461 1675 2661 1719 Codices

208 1748 337 1790 enim
370 1747 682 1801 manuscripti
722 1747 913 1788 nomina
946 1746 1135 1800 quidem
1176 1746 1415 1800 exhibent,
1464 1746 1546 1788 sed
1578 1746 1659 1788 alii
1706 1746 1800 1788 alia
1849 1748 1895 1788 et
1937 1746 2043 1788 libri
2076 1747 2188 1789 editi
2221 1747 2419 1805 perinde
2454 1747 2578 1789 inter
2610 1760 2659 1789 se

207 1819 444 1862 differunt.
499 1817 547 1861 Si
580 1819 641 1861 ad
664 1818 852 1861 codices
884 1818 1230 1872 manuscriptos
1261 1818 1561 1871 recurrimus,
1597 1818 1747 1860 codex
1771 1818 2147 1861 Vindobonensis
2181 1819 2360 1861 saeculi
2385 1818 2488 1873 XV,
2519 1832 2659 1874 quem

207 1889 386 1935 Oehler
417 1891 486 1943 Αφ
526 1890 747 1944 signavit,
796 1890 960 1933 habet:
1019 1891 1231 1947 Viyellius
1264 1890 1557 1944 Saturninus,
1608 1889 1759 1933 codex
1792 1889 2056 1932 Leidensis:
2111 1891 2327 1948 Inyellius
2361 1892 2658 1939 Saturninus,

206 1963 399 2007 codices
422 1975 536 2006 vero
554 1962 775 2006 Vaticani
808 1963 986 2006 saeculi
1010 1962 1125 2005 XIII
1156 1963 1364 2006 numeris
1400 1963 1483 2005 190
1517 1967 1564 2005 et
1600 1963 1678 2005 191
1717 1963 1903 2017 signati,
1938 1976 2056 2017 quos
2089 1964 2189 2018 ipse
2224 1964 2423 2018 inspexi,
2459 1964 2658 2006 habent:

208 2037 272 2080 M.
307 2035 481 2080 Gellius
514 2035 806 2080 Saturninus.

355 2107 489 2160 Quae
522 2108 773 2150 diversitas
805 2107 1059 2149 lectionum
1091 2119 1175 2149 nos
1208 2107 1358 2161 docet,
1408 2108 1608 2149 formam
1656 2107 1859 2148 nominis
1907 2107 1956 2148 in
1995 2107 2213 2149 omnibus
2262 2108 2505 2150 codicibus
2555 2121 2658 2151 esse

206 2185 495 2235 corruptam.
558 2179 664 2222 Huc
696 2179 896 2233 accedit,
930 2179 1055 2233 quod
1086 2191 1240 2233 neque
1273 2178 1647 2233 Vigellianorum
1681 2191 1837 2234 neque
1869 2179 2241 2234 Ingellianorum
2273 2192 2389 2233 gens
2421 2181 2545 2223 inter
2577 2193 2660 2224 eas

208 2251 414 2295 familias
446 2250 693 2305 reperitur,
742 2263 864 2304 quae
897 2251 1087 2293 saeculo
1120 2250 1327 2293 secundo
1360 2250 1593 2304 tertioque
1626 2250 1674 2292 in
1714 2250 1964 2304 republica
2004 2251 2250 2293 florebant.
2315 2251 2429 2294 Inde
2478 2253 2658 2294 factum

205 2324 294 2377 est,
328 2325 378 2366 ut
408 2321 498 2366 viri
531 2320 656 2365 docti
687 2321 814 2365 hunc
844 2321 998 2365 locum
1022 2321 1306 2365 coniecturis
1338 2334 1509 2364 sanare
1543 2322 1702 2364 conati
1736 2322 1841 2375 sint,
1877 2335 1950 2365 ex.
1970 2335 2039 2375 gr.
2058 2323 2310 2375 Pamelius,
2344 2325 2423 2376 qui
2457 2326 2659 2366 coniecit

218 2394 402 2452 Valyius
434 2396 481 2437 et
513 2392 588 2437 Fr.
621 2392 796 2446 Iunius,
829 2392 908 2448 qui
941 2392 1094 2448 posuit
1136 2393 1354 2437 Vitellius.
1419 2391 1511 2436 Sed
1547 2394 1703 2436 oleum
1737 2398 1784 2436 et
1816 2406 2011 2449 operam
2044 2394 2268 2437 videntur
2299 2395 2575 2450 perdidisse.

351 2464 480 2508 Luce
519 2465 644 2508 enim
684 2465 857 2508 clarius
889 2468 973 2519 est,
1021 2464 1213 2508 nomina
1251 2464 1481 2519 Vigellius
1534 2469 1581 2509 et
1613 2465 1839 2520 Ingellius
1888 2479 1991 2509 esse
2036 2470 2260 2521 corrupta
2293 2472 2436 2522 atque
2470 2468 2658 2521 ficticia,

206 2536 408 2593 ideoque
441 2537 629 2581 omnino
661 2536 959 2581 reiicienda3.
1008 2536 1174 2581 Restat
1207 2537 1306 2580 sola
1339 2536 1532 2593 scriptio
1566 2537 1785 2581 codicum
1819 2537 2158 2581 Vaticanorum
2191 2542 2355 2582 notatu
2389 2539 2545 2593 digna,
2581 2541 2658 2594 qui

204 2608 398 2663 quidem
432 2612 625 2663 praeter
656 2621 905 2662 agnomen,
938 2608 1062 2663 quod
1095 2621 1258 2651 omnes
1290 2609 1470 2663 pariter
1502 2609 1749 2663 praebent,
1784 2621 2075 2663 praenomen
2108 2609 2257 2652 Marci
2282 2610 2363 2663 (M)
2398 2611 2518 2653 bene
2552 2625 2657 2653 con-

204 2692 426 2724 servasse
458 2680 693 2723 videntur.

350 2753 488 2795 Illum
519 2753 663 2808 igitur
693 2755 1038 2808 proconsulem,
1072 2754 1153 2808 qui
1184 2754 1365 2808 primus
1386 2754 1527 2797 Afros
1559 2755 1842 2798 christianos
1874 2758 2152 2809 persecutus
2181 2760 2265 2809 est,
2299 2770 2470 2798 nomen
2493 2757 2552 2798 M.
2577 2757 2656 2799 Sa-

204 2825 383 2868 turnini
416 2824 638 2868 habuisse
671 2827 870 2868 constat.
900 2825 1102 2868 -Deerat
1134 2825 1292 2869 adhuc
1324 2839 1496 2869 nomen
1528 2826 1834 2881 gentilicium,
1869 2826 1992 2881 quod
2010 2826 2253 2870 Aemilium
2288 2828 2445 2883 fuisse,
2480 2828 2551 2871 his
2584 2842 2657 2871 ra-

204 2897 411 2939 tionibus
445 2897 669 2950 adducor,
703 2900 753 2938 ut
786 2897 994 2939 credam.

351 2968 528 3011 Extant
576 2972 672 3011 tres
720 2969 842 3011 tituli
874 2969 1087 3012 Africani
1134 2969 1194 3012 M.
1228 2970 1429 3012 Aemilio
1462 2970 1623 3013 Macro
1657 2970 1908 3013 Saturnino
1942 2970 2162 3025 dedicati,
2211 2971 2380 3026 quibus
2414 2973 2656 3029 probatur,

354 3184 366 3209 ¹
394 3185 434 3223 C.
463 3185 491 3221 I.
519 3185 562 3221 L.
591 3185 684 3221 VIII
711 3186 781 3222 939
809 3184 1144 3232 [Tert]VL[L]VS.
1161 3185 1206 3222 V.
1222 3185 1261 3223 C.

352 3245 367 3270 2
392 3246 522 3283 Tert.
550 3247 603 3282 ad
633 3246 750 3293 Scap.
778 3257 809 3282 c.
838 3247 870 3282 3.

353 3304 367 3328 3
392 3306 548 3342 Nomen
582 3307 833 3353 gentilicium
861 3306 1181 3353 Vigellianorum
1209 3308 1250 3343 in
1276 3306 1478 3347 indicibus
1505 3307 1545 3344 C.
1574 3307 1602 3343 Ι.
1622 3307 1665 3343 L.
1695 3310 1845 3343 frustra
1874 3308 2036 3344 omnino
2063 3309 2284 3353 quaeritur.
2330 3309 2501 3346 Videtur
2520 3317 2656 3347 aurem

202 3364 341 3411 fornia
368 3367 469 3402 haec
495 3367 596 3401 alias
623 3367 807 3403 inaudita
836 3371 924 3403 orta
951 3377 1039 3403 esse
1067 3377 1119 3403 ex
1147 3367 1329 3415 Vigilius,
1368 3367 1432 3403 vel
1460 3366 1637 3413 Vicilius,
1679 3367 1789 3414 quod
1830 3378 1921 3404 raro
1949 3368 2164 3404 invenitur.
2217 3367 2329 3405 Gens
2356 3369 2529 3418 Ingellia
2560 3382 2657 3409 vero

205 3437 376 3473 prorsus
403 3431 463 3462 est
490 3428 632 3474 ignota
661 3430 795 3474 neque
822 3427 1016 3463 Romana.
