2826 3982
1393 314 1447 357 13

341 448 545 492 Easdem
592 448 959 505 proscriptiones
992 447 1310 491 Tertullianus
1357 446 1486 490 haud
1533 446 1731 488 obscure
1779 446 1971 488 denotat
2019 445 2092 491 his
2124 444 2306 487 verbis:
2357 443 2446 485 Sed
2493 447 2533 485 et
2566 444 2643 498 qui

197 534 336 564 nune
369 522 659 564 scelestarum
688 522 899 577 partium
930 521 1040 562 socii
1072 524 1152 562 aut
1176 520 1420 575 plausores
1464 519 1706 573 quotidie
1755 519 2011 560 revelantur
2050 522 2157 573 post
2206 516 2480 559 vindemiam
2518 528 2641 557 race-

194 594 333 634 matio
364 592 758 646 parricidarum.“
828 591 963 643 Apol.
998 602 1039 631 c.
1072 591 1145 631 35.
1216 589 1519 630 Vindemiam
1565 589 1691 629 enim
1739 589 1851 629 dicit
1898 590 2095 630 caedem
2142 589 2275 629 illam
2323 586 2641 637 largissimam

193 674 318 706 anno
353 663 435 707 197
470 662 642 706 Albino
680 661 809 705 victo
848 661 1041 714 factam,
1089 660 1291 703 alteram
1323 670 1453 713 vero,
1502 659 1877 714 persecutionem
1910 658 2342 703 Pescennianorum
2391 657 2511 708 dico,
2561 657 2641 711 qui

194 733 283 777 isto
331 736 544 788 tempore
590 732 900 776 latitaverant
946 734 1029 774 aut
1073 732 1307 785 fugerant,
1356 730 1727 774 racemationi
1776 730 1803 773 i.
1838 719 1877 773 e.
1910 731 2049 774 messi
2099 743 2302 774 uvarum
2350 729 2640 780 relictarum,

192 804 321 850 haud
353 803 544 861 illepide
577 805 837 860 comparat.

336 875 596 930 Quaeritur
626 885 767 930 nunc,
817 874 1006 930 quando
1050 874 1171 919 haec
1219 874 1385 918 ultima
1432 874 1698 930 persecutio
1736 874 2056 929 relliquiarum
2090 874 2294 930 partium
2329 873 2641 918 scelestarum

198 948 327 994 facta
360 947 450 993 sit?
513 945 650 1003 Quod
683 946 824 992 facile
857 949 928 992 est
960 946 1190 992 invenire.
1254 945 1467 991 Vidimus
1501 945 1640 1002 enim,
1674 950 1898 991 autumno
1931 946 2041 991 anni
2077 946 2158 992 197
2194 947 2423 991 Severum
2463 945 2640 990 bellum

195 1022 362 1064 contra
394 1018 594 1063 Parthos
632 1019 849 1075 gessisse,
898 1018 1067 1063 deinde
1100 1018 1148 1062 in
1181 1017 1367 1074 Syriam
1400 1018 1660 1062 hiematum
1698 1017 1908 1061 rediisse.
1971 1018 2065 1062 Isto
2104 1018 2203 1062 sine
2236 1018 2377 1062 dubio
2411 1022 2639 1075 tempore,

194 1104 287 1147 quo
326 1092 565 1135 exercitus
602 1092 650 1134 in
683 1091 820 1146 Syria
847 1092 1157 1146 hibernabat,
1205 1092 1419 1134 inimicos
1467 1092 1751 1146 conquisivit
1800 1096 1846 1133 et
1879 1091 2076 1146 punivit,
2125 1092 2248 1146 quod
2297 1092 2544 1147 paullatim
2592 1096 2640 1132 et

193 1164 535 1217 pedetemptim
563 1168 767 1205 exeunte
799 1177 924 1205 anno
950 1165 1031 1205 197
1063 1170 1110 1204 et
1143 1165 1397 1216 incipiente
1434 1165 1517 1205 198
1551 1165 1729 1204 factum
1762 1171 1847 1203 est.
1892 1163 2023 1203 Unus
2056 1164 2224 1203 deinde
2257 1166 2440 1204 alterve
2463 1164 2640 1204 mensis

191 1233 466 1288 largiendus
504 1236 589 1289 est,
639 1234 750 1289 quia
788 1237 920 1278 tanto
960 1234 1185 1289 temporis
1223 1234 1375 1289 spatio
1413 1248 1530 1289 opus
1569 1239 1686 1287 erat,
1736 1240 1785 1276 ut
1833 1234 1983 1276 nuntii
2022 1234 2190 1276 harum
2228 1247 2386 1276 rerum
2426 1235 2638 1276 Africam

190 1306 444 1362 pervenire
476 1309 681 1362 possent.
745 1305 868 1350 Hinc
902 1305 1121 1361 efficitur,
1170 1309 1221 1349 ut
1253 1306 1426 1349 librum
1458 1306 1833 1361 Apologeticum,
1882 1306 1929 1348 in
1963 1319 2055 1360 quo
2088 1304 2405 1348 Tertullianus
2439 1306 2538 1348 eius
2570 1306 2638 1349 rei

190 1377 478 1422 mentionem
512 1378 641 1433 facit,
675 1391 769 1422 non
801 1381 912 1422 ante
946 1392 1033 1422 ver
1064 1382 1147 1422 aut
1180 1382 1412 1422 aestatem
1440 1377 1553 1420 anni
1590 1378 1672 1420 198
1707 1378 1934 1433 scriptum
1968 1390 2070 1420 esse
2104 1380 2306 1433 putem1.

1157 1561 1198 1602 3.
1239 1561 1321 1601 Ad
1362 1564 1665 1613 martyras.

335 1677 471 1734 Quae
505 1679 563 1723 de
597 1680 740 1723 rebus
772 1679 917 1735 gestis
937 1678 1102 1722 Severi
1135 1679 1434 1735 imperatoris
1468 1692 1609 1735 supra
1645 1679 1862 1732 diximus,
1896 1679 2040 1721 etiam
2073 1679 2134 1721 ad
2155 1683 2363 1721 aetatem
2398 1680 2544 1722 libelli
2577 1680 2639 1722 ad

192 1755 433 1807 martyras
466 1747 563 1796 dati
596 1752 933 1797 inveniendam
966 1752 1153 1808 sufficit,
1188 1751 1299 1807 quia
1331 1753 1379 1795 in
1411 1751 1512 1795 eius
1544 1751 1729 1806 epilogo
1762 1751 1910 1806 partis
1943 1751 2187 1794 cuiusdam
2219 1763 2381 1795 earum
2405 1752 2638 1803 caedium,

190 1835 311 1879 quas
343 1822 550 1867 Severus
581 1824 891 1880 perpetravit,
924 1824 1120 1867 anobis
1153 1835 1297 1879 supra
1329 1825 1432 1866 fuse
1464 1827 1809 1877 enarratarum,
1843 1823 2018 1866 mentio
2051 1823 2115 1865 fit.
2180 1823 2281 1866 Hoc
2320 1824 2445 1866 enim
2478 1823 2638 1866 libello

192 1899 331 1939 autor
363 1896 411 1939 id
443 1897 555 1951 agit,
589 1900 640 1939 ut
673 1896 965 1940 Christianos
997 1896 1045 1939 in
1077 1908 1273 1939 carcere
1306 1896 1521 1939 detentos
1555 1897 1827 1938 corroboret
1859 1900 1906 1938 et
1938 1897 1997 1939 ad
2032 1896 2183 1951 ipsam
2215 1900 2413 1939 mortem
2436 1897 2639 1940 toleran-

191 1967 301 2013 dam
335 1967 621 2013 cohortetur.
686 1967 823 2023 Quod
854 1971 906 2013 ut
937 1968 1168 2025 perficiat,
1202 1979 1283 2013 eos
1315 1968 1376 2013 ad
1409 1968 1630 2023 exempla
1662 1971 1729 2012 tot
1761 1970 1999 2012 tantorum
2032 1968 2241 2012 virorum
2275 1968 2500 2013 nobilium
2534 1981 2638 2025 pro-

191 2043 349 2095 vocat,
382 2041 463 2095 qui
496 2041 662 2103 eodem
693 2052 885 2096 prorsus
916 2043 1154 2084 momento
1186 2041 1379 2084 hominis
1411 2054 1573 2084 caussa
1605 2040 1729 2083 idem
1762 2040 2080 2095 patiebantur,
2115 2041 2239 2095 quod
2271 2041 2483 2084 nonnulli
2515 2053 2638 2084 mar-

192 2114 351 2167 tyrum
398 2113 489 2157 Dei
536 2127 698 2158 cau-ssa
745 2113 844 2169 pati
892 2113 1189 2157 dubitabant.
1262 2111 1336 2157 Ad
1391 2113 1471 2157 hoc
1517 2113 1710 2169 quidem,
1760 2112 1839 2167 ait,
1881 2114 2199 2169 praesentia
2255 2114 2379 2157 nobis
2432 2118 2638 2170 tempora

191 2186 460 2229 documenta
491 2186 596 2239 sint,
630 2190 825 2242 quantae
858 2186 1097 2242 quale-eque
1122 2199 1348 2243 personae
1370 2186 1629 2242 inopinatos
1653 2186 1880 2228 'natalibus
1913 2190 1953 2228 et
1985 2186 2279 2243 ‹Ii-quitatibus
2311 2190 2351 2229 et
2374 2187 2640 2243 corporibus

191 2262 232 2299 et
265 2258 487 2300 aetatibus
518 2258 614 2300 suis
646 2258 796 2301 emitae
826 2259 1034 2316 referunt
1065 2258 1259 2301 hominis
1291 2272 1443 2312 causa,
1482 2262 1561 2300 aut
1600 2259 1655 2300 ab
1688 2247 1799 2315 ipso,
1839 2258 1878 2300 si
1910 2262 2065 2300 contra
2098 2272 2198 2300 eum
2225 2258 2434 2316 fecerint,
2468 2263 2549 2301 aut
2581 2259 2638 2301 ab

191 2331 472 2371 adversariis
504 2332 613 2383 eiu-3,
646 2332 686 2371 si
711 2345 801 2386 pro
835 2345 883 2372 eo
915 2332 1118 2372 steterint
1128 2332 1157 2371 ².

332 2400 424 2454 Qui
457 2402 703 2444 historiam
736 2402 902 2444 Severi
949 2403 1095 2456 novit,
1143 2402 1271 2444 haud
1318 2403 1517 2455 ignoret,
1566 2403 1626 2443 ad
1660 2403 1782 2456 quod
1816 2404 1992 2443 factum
2025 2402 2147 2442 haec
2179 2403 2330 2443 verba
2362 2403 2637 2455 respiciant.

190 2469 347 2526 Quum
380 2485 460 2515 eos
492 2472 634 2527 virOS,
668 2473 748 2528 qui
781 2473 1012 2529 supplicio
1044 2473 1204 2517 affecti
1237 2477 1358 2528 sunt,
1407 2473 1646 2516 natalibus
1684 2479 1730 2516 et
1769 2473 2075 2527 dignitatibus
2107 2480 2154 2516 et
2187 2473 2426 2516 aetatibus
2459 2472 2639 2517 Tertul-

188 2543 342 2585 lianus
390 2543 684 2599 splenduisse
733 2544 874 2599 dicat,
922 2544 1237 2587 nobilissimos
1285 2557 1364 2588 eos
1411 2545 1553 2587 fuisse
1600 2550 1812 2601 apparet.
1876 2544 2104 2587 Severum
2137 2548 2296 2587 autem
2331 2545 2529 2588 caedem
2572 2546 2638 2587 in-

331 2735 345 2759 1
372 2736 539 2772 Praeter
566 2736 643 2772 hoc
669 2737 862 2772 indicium
890 2739 1083 2784 temporis
1110 2739 1281 2773 alterum
1309 2740 1513 2774 invenisse
1542 2740 1603 2773 vir
1638 2739 1923 2784 sagacissimus
1949 2737 2280 2774 Noeldechen
2322 2739 2397 2774 sibi
2425 2740 2537 2774 visus
2565 2746 2634 2775 cst.

186 2796 462 2832 Tertullianus
488 2798 594 2832 enim
621 2796 735 2842 Apol.
764 2809 795 2832 c.
825 2797 890 2833 35:
930 2798 1048 2842 Ipsos
1077 2796 1267 2840 Quirites,
1301 2799 1367 2841 ait,
1408 2797 1543 2842 ipsam
1581 2798 1839 2832 vernaculam¹
1877 2799 2028 2842 septem
2059 2797 2224 2833 collium
2245 2799 2403 2843 plebem
2429 2798 2636 2841 convenio,

194 2869 250 2894 cm
277 2855 403 2893 alicui
432 2855 599 2894 Caesari
638 2869 712 2893 suo
742 2859 892 2903 parcat
929 2857 1074 2904 linqua
1101 2858 1319 2894 Romana?
1367 2858 1502 2894 Testis
1540 2861 1598 2894 est
1630 2857 1783 2893 Tiberis
1822 2860 1857 2893 et
1882 2859 2040 2893 scholae
2066 2858 2301 2894 bestiarum.
2353 2862 2466 2901 Quae
2506 2861 2634 2895 verba

190 2917 449 2955 Noeldechen
476 2917 528 2954 ad
555 2917 607 2963 id,
635 2917 744 2964 quod
770 2917 848 2954 Dio
876 2917 931 2963 74,
957 2918 981 2954 4
1004 2921 1144 2955 narrat
1171 2918 1386 2955 referenda
1417 2928 1505 2955 esse
1532 2922 1688 2954 censet:
1715 2918 1909 2965 populum
1937 2917 2165 2955 Romanum
2192 2919 2364 2955 vocibus
2391 2920 2636 2966 procacibus

186 2979 337 3013 bellum
364 2979 565 3013 adversus
583 2978 774 3013 Albinum
801 2979 1051 3025 improbasse
1077 2980 1119 3013 in
1137 2978 1314 3014 Theatro
1350 2978 1473 3024 [quod
1502 2978 1759 3014 Noeldechen
1787 2978 1923 3013 Tiberi
1951 2979 2182 3025 proximum
2209 2980 2335 3015 fuisse
2361 2979 2503 3025 putat].
2547 2979 2635 3016 Hoc

186 3039 339 3072 factum
367 3041 427 3072 est
453 3048 562 3073 anno
591 3038 670 3081 196,
706 3049 831 3083 quum
859 3038 1034 3074 Severus
1064 3042 1205 3073 contra
1231 3038 1422 3073 Albinum
1450 3039 1711 3083 proficiscens
1739 3038 1891 3073 Romae
1930 3049 2003 3083 per
2041 3039 2168 3073 breve
2194 3043 2355 3084 tempus
2395 3041 2637 3075 morabatur

186 3096 298 3138 (Dec.
326 3097 396 3131 196
423 3096 711 3132 Ceuleneer
737 3107 832 3144 pag.
860 3098 925 3143 983
952 3098 1023 3133 cfr.
1049 3098 1412 3142 Friedlander,
1440 3097 1707 3144 Sittengesch.
1737 3097 1869 3142 Rmns,
1896 3097 1950 3132 VI
1977 3098 2047 3133 Ed.
2074 3102 2100 3133 t.
2120 3098 2158 3132 II
2184 3109 2269 3145 pag
2294 3098 2391 3140 305).
2433 3099 2512 3135 Sed
2540 3099 2636 3135 Ter-

187 3157 382 3192 tullianus
420 3158 680 3203 generaliter,
722 3163 768 3193 ut
805 3160 863 3193 ita
902 3160 1044 3202 dicam,
1084 3160 1134 3193 de
1160 3160 1335 3193 audacia
1360 3160 1552 3202 loquitur,
1585 3170 1666 3202 qua
1699 3161 1848 3203 vulgus
1874 3160 2113 3201 Romanum,
2141 3162 2330 3202 quotiens
2356 3162 2524 3204 impune
2551 3162 2638 3194 fieri

185 3216 338 3264 potuit,
379 3218 522 3254 eontra
563 3215 758 3255 Caesares
798 3217 1076 3266 grassabatur.
1148 3216 1227 3257 Cfr.
1265 3216 1597 3255 Friedlander
1634 3217 1656 3254 l.
1685 3228 1716 3255 c.
1756 3228 1850 3265 pag.
1877 3216 2076 3255 302—305.
2148 3216 2285 3262 Quare
2324 3218 2402 3256 hoc
2440 3218 2637 3257 indicium

190 3277 395 3323 temporis,
423 3278 610 3323 quamvis
635 3287 718 3313 non
743 3278 865 3325 plane
890 3278 1166 3325 reiiciendum,
1192 3279 1370 3314 fructum
1395 3281 1530 3313 tamen
1556 3287 1647 3313 mea
1675 3279 1836 3325 quidem
1864 3279 2064 3313 sententia
2090 3288 2173 3313 non
2192 3279 2312 3315 affert
2338 3280 2391 3315 ad
2411 3280 2639 3316 eruendum

186 3335 361 3381 tempus,
389 3348 472 3381 quo
499 3336 775 3372 Tertullianus
803 3339 949 3373 librum
975 3338 1288 3384 Apologeticum
1315 3341 1530 3383 scripserit.

325 3392 342 3422 ²
367 3393 432 3433 Ad
458 3400 574 3433 mart.
602 3407 634 3433 c.
661 3396 694 3434 6.

372 3496 567 3600 (b

375 3605 477 3721 J
