2826 3982
1411 312 1466 357 27

204 448 481 492 Plautianus
508 448 742 491 Severum
779 449 1173 504 prosequebatur;
1224 460 1279 491 eo
1319 447 1444 489 enim
1483 451 1645 490 autore
1681 448 2031 492 Percennianas
2064 449 2292 505 reliquias
2332 461 2360 490 a
2394 451 2570 491 Severo
2611 450 2656 491 in

203 521 318 565 Asia
350 521 587 571 extinctas
619 533 737 574 esse,
771 520 1050 575 Spartianus
1083 521 1331 562 confirmat
1353 521 1381 561 ¹.

349 592 452 647 Quo
484 604 608 635 anno
643 592 880 648 praetorio
908 592 1180 648 praefectus
1212 591 1286 646 sit,
1320 591 1572 645 nescimuS,
1622 591 1704 634 sed
1738 593 1848 648 quin
1881 593 2004 637 hanc
2044 593 2399 650 praefecturam
2440 605 2525 648 per
2563 593 2658 635 lon-

202 678 315 720 gum
347 669 533 720 tempus
565 665 833 719 obtinuerit,
866 677 960 707 non
992 664 1169 707 dubito.
1232 664 1342 706 Mox
1375 676 1581 706 summos
1613 665 1661 705 in
1693 667 1936 720 republica
1968 667 2170 709 honores
2209 671 2380 708 nactus
2418 672 2466 707 et
2499 666 2656 708 domui

202 737 537 794 imperatoriae
570 737 802 779 affinitate
835 736 1114 779 coniunctus
1146 743 1231 778 est.
1277 735 1486 778 Primum
1509 736 1635 778 enim
1653 736 1857 780 Severus
1889 738 2153 792 insignibus
2186 738 2518 780 consularibus
2551 750 2658 779 eum

174 802 336 852 'auxit
355 810 371 835 2
418 809 485 851 ita
523 812 573 851 ut
610 808 712 853 eius
750 808 929 863 primus
967 808 1240 856 consulatus
1278 820 1363 863 pro
1402 808 1609 851 secundo
1650 808 1918 852 haberetur.
1983 811 2136 853 Finito
2176 811 2301 853 bello
2335 810 2556 852 Parthico
2591 823 2658 852 se-

201 881 372 934 cundo,
412 893 556 935 quum
589 879 794 923 Severus
832 893 956 923 anno
995 881 1083 922 202
1115 879 1313 923 Romam
1352 892 1503 922 ovans
1535 880 1878 936 ingrederetur,
1920 894 2011 925 una
2046 894 2154 926 cum
2189 882 2439 925 Plautiano
2474 880 2658 936 Capito-

202 954 316 995 lium
349 953 484 1008 petiit
503 954 519 978 ³
552 956 598 995 et
630 953 771 1008 paulo
804 956 909 1008 post
945 953 1163 1008 reditum,
1204 952 1546 994 decennalibus
1586 964 1766 995 summo
1808 954 2057 1008 splendore
2099 960 2145 998 et
2178 953 2388 997 maximo
2422 959 2656 1010 apparatu

202 1039 365 1069 mense
388 1026 520 1068 Iunio
552 1026 664 1068 anni
697 1027 785 1068 202
818 1026 1085 1079 celebratis,
1119 1026 1403 1078 Plautillam,
1433 1025 1671 1066 Plautiani
1705 1026 1864 1079 filiam,
1899 1027 2180 1068 Caracallae
2214 1027 2309 1068 filio
2343 1034 2458 1067 natu
2493 1027 2657 1067 maiori

201 1098 250 1141 in
282 1098 632 1140 matrimonium
665 1098 792 1140 dedit
811 1100 842 1151 4,
876 1098 1045 1140 deinde
1079 1111 1186 1140 eum
1221 1111 1314 1139 una
1347 1111 1455 1139 cum
1495 1098 1641 1139 fratre
1675 1097 1898 1151 Septimio
1933 1099 2052 1140 Greta
2086 1100 2330 1141 consulem
2365 1099 2653 1139 ordinarium

202 1169 315 1213 anni
349 1170 436 1213 203
470 1170 753 1225 designavit.

346 1242 436 1283 Sed
470 1242 745 1284 Plautianus
783 1242 830 1284 in
869 1254 1050 1284 summo
1089 1242 1317 1284 honorum
1356 1246 1403 1284 et
1441 1254 1581 1296 opum
1622 1241 1808 1292 fastigio
1849 1242 2023 1296 positus
2061 1243 2225 1284 ruinae
2260 1248 2363 1284 erat
2398 1243 2654 1297 proximus.

201 1313 521 1368 Erigebantur
553 1314 678 1356 enim
712 1314 755 1357 ei
788 1315 849 1357 ab
883 1314 1207 1357 adulatoribus
1230 1318 1276 1356 et
1309 1313 1560 1356 clientibus
1593 1320 1689 1356 tum
1709 1313 1885 1356 Romae
1920 1328 2061 1369 quum
2095 1315 2142 1357 in
2176 1315 2435 1370 provinciis
2469 1321 2655 1356 statuae

200 1387 249 1428 in
289 1386 413 1429 diem
452 1387 611 1442 plures
650 1391 696 1428 et
734 1387 937 1430 maiores
975 1399 1034 1429 ac
1067 1386 1408 1441 splendidiores
1441 1399 1584 1441 quam
1617 1385 1902 1441 imperatori,
1942 1400 2083 1441 quum
2118 1387 2217 1443 ipse
2253 1388 2346 1430 iam
2379 1394 2524 1429 antea
2565 1392 2655 1429 sta-

201 1465 332 1502 tuam
365 1473 499 1501 suam
533 1460 656 1501 inter
687 1460 1056 1514 propinquorum
1091 1458 1256 1501 Severi
1290 1459 1544 1501 simulacra
1577 1472 1668 1500 non
1703 1459 1943 1500 haesitans
1976 1460 2204 1514 posuisset
2225 1462 2253 1502 ⁵.
2319 1460 2435 1502 Inde
2475 1461 2653 1501 factum

198 1539 287 1587 est,
336 1537 387 1575 ut
425 1533 596 1586 vulgus
636 1544 743 1574 eum
783 1532 1039 1577 haeredem
1078 1531 1262 1587 imperii
1302 1532 1401 1573 fore
1435 1531 1665 1573 crederet.
1731 1530 1913 1585 Quibus
1946 1533 2085 1574 rebus
2119 1533 2165 1574 in
2198 1533 2356 1574 odium
2390 1532 2556 1575 severi
2590 1532 2655 1573 in-

199 1605 363 1658 currit,
398 1606 532 1646 cuius
565 1605 825 1658 indignatio
859 1608 992 1646 tanta
1026 1605 1127 1658 fuit,
1162 1607 1212 1645 ut
1243 1604 1338 1645 iam
1372 1608 1470 1646 tum
1503 1603 1649 1645 hostis
1673 1609 1719 1645 et
1752 1605 1910 1646 laesae
1935 1605 2193 1647 maiestatis
2221 1617 2331 1647 reus
2355 1604 2654 1647 renuntiatus

197 1690 229 1718 a
262 1678 433 1719 multos
466 1681 727 1731 putaretur.
792 1677 845 1719 Id
877 1677 1002 1719 intra
1034 1690 1211 1718 annum
1245 1683 1355 1718 ante
1389 1676 1489 1717 eius
1521 1680 1721 1718 mortem
1755 1676 1914 1718 evenit
1937 1679 1965 1718 ⁶.

344 1747 499 1802 Quum
532 1749 691 1804 paullo
724 1753 829 1804 post
861 1761 947 1804 per
986 1749 1133 1791 breve
1173 1753 1358 1803 tempus
1396 1760 1505 1790 cum
1538 1747 1715 1790 Severo
1749 1749 1795 1789 in
1828 1748 2029 1801 gratiam
2064 1749 2292 1802 rediisset,
2327 1762 2438 1790 mox
2471 1749 2529 1790 de
2565 1751 2654 1790 for-

198 1821 324 1865 tunis
356 1821 573 1864 omnibus
606 1821 884 1864 deturbatus
907 1826 978 1864 est
1001 1821 1244 1876 vitamque
1267 1821 1437 1864 amisit.
1492 1821 1592 1863 Iam
1628 1821 1811 1875 pridem
1845 1821 1971 1863 enim
2006 1821 2278 1863 inimicitiae
2312 1822 2652 1864 acerbissimae

197 1894 557 1937 intervenerant
590 1895 712 1937 inter
743 1894 874 1937 illum
909 1900 955 1937 et
988 1894 1170 1948 Iuliam,
1205 1893 1368 1937 Severi
1409 1906 1617 1946 uxorem,
1658 1907 1800 1947 quam
1834 1906 2023 1947 semper
2055 1894 2179 1947 apud
2213 1895 2442 1936 Severum
2477 1895 2652 1935 colum-

198 1966 432 2019 niabatur,
482 1971 528 2009 et
578 1966 700 2008 inter
739 1965 1039 2009 Caracallam
1077 1977 1316 2020 generem,
1366 1965 1445 2020 qui
1484 1965 1776 2018 Plautillam,
1826 1969 1876 2007 ut
1916 1965 2139 2008 feminam
2179 1966 2651 2020 impudentissimam.

196 2038 321 2080 male
355 2039 607 2080 tractabat.
672 2039 913 2081 Postremo
947 2037 1199 2093 Septimius
1232 2037 1367 2092 Geta,
1408 2038 1555 2080 frater
1592 2037 1905 2092 imperatoris,
1945 2038 2152 2080 moriens
2185 2038 2359 2080 Severo
2393 2038 2551 2081 omnia
2587 2038 2653 2080 in—

195 2110 391 2163 dicavit,
426 2122 548 2164 quae
582 2110 858 2152 Plautianus
891 2110 1173 2151 moliebatur
1205 2110 1283 2151 vel
1315 2109 1466 2151 moliri
1499 2109 1758 2164 putabatur
1778 2110 1806 2151 ⁷.

339 2182 413 2223 Ita
445 2182 624 2224 factum
657 2186 741 2233 est,
776 2187 826 2223 ut
856 2181 1151 2234 Caracallae,
1185 2182 1264 2235 qui
1296 2182 1391 2223 iam
1424 2181 1503 2222 diu
1537 2193 1586 2223 se
1620 2181 1681 2223 ab
1716 2194 1770 2223 eo
1804 2181 2011 2223 liberare
2044 2185 2090 2223 et
2124 2182 2367 2223 vindicare
2402 2187 2649 2235 statuerat,

196 2260 407 2308 tempore
441 2254 657 2295 ludorum
690 2254 1006 2308 palatinorum
1045 2253 1202 2294 omnia
1242 2265 1301 2295 ex
1341 2254 1575 2294 sententia
1609 2253 1936 2294 succederent.
2004 2253 2154 2295 Falsis
2188 2254 2327 2307 enim,
2362 2259 2411 2295 ut
2446 2254 2649 2307 videtur,

194 2326 579 2368 accusationibus
618 2329 665 2368 et
703 2326 887 2368 indiciis
926 2338 1140 2368 socerum
1181 2325 1306 2380 apud
1341 2325 1570 2367 Severum
1608 2325 1653 2366 in
1695 2325 2011 2380 suspicionem
2047 2326 2253 2379 vocavit,
2294 2327 2428 2380 quasi
2470 2327 2571 2368 eius
2604 2332 2650 2369 et

195 2397 475 2439 Caracallae
508 2398 654 2451 ipsius
686 2410 854 2439 necem
887 2410 947 2438 ex
979 2398 1159 2439 insidiis
1190 2397 1447 2438 moliretur.
1511 2397 1581 2438 Ita
1616 2397 1888 2438 Plautianus
1922 2397 2047 2438 illico
2082 2409 2283 2452 vespere
2325 2398 2372 2439 in
2414 2399 2647 2453 palatium

193 2470 456 2511 accersitus
488 2482 518 2511 a
550 2470 775 2511 militibus
808 2470 966 2510 statim
1001 2470 1165 2511 eodem
1198 2469 1273 2510 die
1306 2469 1476 2522 gladiis
1509 2471 1750 2510 confossus
1784 2478 1853 2509 est
1873 2471 1906 2509 ⁸.

338 2541 514 2583 Necem
554 2542 932 2595 inexspectatam
971 2546 1017 2582 et
1055 2546 1265 2582 atrocem
1306 2546 1403 2581 tam
1442 2542 1644 2595 potentis
1683 2548 1728 2582 et
1767 2541 1925 2580 divitis
1966 2541 2054 2581 viri
2088 2548 2133 2581 et
2167 2541 2309 2582 amici
2345 2541 2643 2595 imperatoris

194 2626 286 2655 non
325 2613 425 2655 sine
465 2613 692 2667 portentis
730 2617 777 2654 et
816 2613 1010 2654 ostentis
1048 2613 1278 2654 accidisse
1321 2618 1455 2668 putat
1488 2613 1576 2653 Dio
1610 2612 1811 2665 Cassius,
1846 2612 2049 2666 scriptor
2082 2624 2226 2667 supra
2263 2613 2451 2654 modum
2487 2626 2646 2668 super—

275 2842 279 2846 ·
338 2817 348 2840 ¹
378 2817 534 2864 Spart.
564 2817 654 2859 Sev.
684 2818 738 2852 15.
766 2818 800 2853 4.

337 2877 351 2900 ·-'
381 2878 469 2912 Dio
496 2877 553 2921 46,
579 2877 637 2914 46.

338 2937 352 2959 ³
378 2937 539 2984 Spart.
569 2938 658 2973 SeV.
690 2938 742 2981 14,
772 2939 804 2972 7.

320 2997 350 3030 ,4
379 2998 467 3032 Dio
494 2999 550 3041 76,
580 2999 596 3032 1
624 2999 673 3033 al.
701 2999 733 3032 2.
787 2998 940 3043 Spart.
969 2997 1059 3032 Sev.
1092 2998 1145 3041 14,
1175 3000 1208 3032 8.

336 3056 351 3079 ⁵
377 3056 539 3104 Spart.
562 3056 661 3095 Sev.
691 3058 746 3102 14,
773 3057 806 3093 ἴ).
2375 3100 2377 3103 Ι

335 3116 350 3138 ‘³
375 3117 452 3152 Dio
486 3117 615 3161 75,16
654 3117 750 3154 dicit
784 3118 834 3155 dc
864 3118 939 3153 hac
977 3118 1261 3166 indignatione
1301 3117 1444 3154 Severi
1481 3118 1651 3162 loquens
1693 3116 1773 3152 οὐδ
1813 3116 2086 3158 ἀπηνιαύτισεν
2125 3117 2145 3151 ὁ
2177 3115 2416 3157 Πλαυτιανός
2456 3117 2477 3150 i.
2506 3128 2538 3151 e.
2578 3128 2644 3151 an-

190 3187 288 3214 num
308 3178 528 3223 integrum.
546 3182 696 3223 postea.
715 3189 798 3213 non
825 3177 1205 3227 vixitPlautiauus.
1256 3177 1389 3218 Huius
1417 3178 1494 3212 loci
1529 3178 1591 3219 vir
1625 3177 1670 3211 cl.
1697 3176 1745 3211 W
1763 3177 1772 3210 i
1790 3176 1889 3219 rth,
1927 3176 1995 3221 qui
2023 3175 2282 3210 Plautianum
2321 3177 2361 3210 in
2395 3176 2470 3211 hoc
2507 3177 2644 3212 odium

189 3247 299 3272 anno
326 3236 396 3275 202
414 3238 588 3275 irruisse
614 3241 742 3284 putat,
770 3238 883 3289 haud¹
906 3248 1061 3273 memor
1087 3238 1212 3273 fuisse
1239 3227 1413 3272 videtur.
1448 3237 1598 3278 Verum
1617 3237 1722 3272 enim
1747 3247 1845 3271 vcro
1870 3235 1991 3270 valde
2018 3236 2228 3281 probabile
2257 3241 2327 3278 est,
2348 3246 2439 3270 eum
2470 3238 2549 3271 iam
2576 3237 2647 3271 ali-—

188 3295 300 3341 quod
329 3299 489 3341 tempus
515 3301 610 3345 ante
636 3302 806 3345 inertem
832 3302 881 3341 et
901 3298 1125 3343 pluries
1153 3296 1294 3332 Severi
1320 3298 1460 3333 odium
1488 3299 1672 3332 subiisse.

335 3354 348 3378 τ
375 3356 464 3390 Dio
492 3356 717 3402 75,.1,5.716‚
742 3357 775 3393 2.
805 3357 1087 3398 ‚Heroain
1115 3358 1170 3401 11,
1200 3357 1255 3395 12.
1338 3394 1340 3397 ,
1514 3348 1518 3351 ’
1568 3389 1588 3401 „

332 3415 347 3437 ⁸
374 3416 430 3457 ld.
449 3417 501 3451 ib.
528 3416 631 3454 Uter
652 3418 799 3465 verius¹
816 3418 919 3454 hanc
947 3428 1031 3455 rein
1058 3419 1298 3465 narraverit,
1326 3418 1403 3455 Dio
1431 3429 1484 3453 an
1503 3418 1773 3460 Herodianus,
1803 3416 1999 3452 historicis
2026 3415 2314 3461 inquirendum
2340 3417 2542 3463 relinquo.
