2826 3982
1385 336 1437 379 17

330 469 547 514 Secunda
569 472 712 514 valde
734 471 921 526 exigua,
955 470 1067 526 quia
1088 482 1233 512 unum
1256 469 1453 524 digitum
1476 469 1588 522 lata,
1622 469 1796 510 accidit
1828 469 1903 511 die
1930 468 2043 511 XIV
2075 468 2252 511 mensis
2270 467 2375 510 Iulii
2408 467 2521 510 anni
2545 467 2633 510 204

184 542 302 585 hora
335 547 505 599 quarta
537 543 876 599 pomeridiana.
2062 592 2064 594 ¹

329 615 490 657 Tertia
522 618 626 657 erat
658 615 734 657 die
766 615 879 656 XIV
911 616 1086 656 mensis
1116 615 1228 657 Maii
1260 614 1373 657 anni
1404 614 1490 657 207
1526 616 1709 669 septem
1741 613 1910 667 digitos
1943 614 2053 667 lata,
2103 625 2228 669 quae
2270 612 2386 655 hora
2421 612 2630 655 secunda

186 687 511 742 pomeridiana
544 687 691 729 solem
722 678 941 729 maxime
962 687 1249 730 obscuravit.

330 758 514 812 Quarta
545 759 687 801 valde
720 770 874 813 parva
907 758 1023 800 duos
1054 758 1223 813 digitos
1255 759 1353 801 lata
1384 772 1508 802 anno
1546 759 1632 801 209
1667 758 1742 800 die
1775 758 1886 800 XVI
1919 772 1979 800 m.
2013 757 2232 801 Octobris
2266 758 2436 800 Uticae
2475 759 2634 814 paullo

186 834 291 885 post
322 831 567 874 meridiem
599 831 995 884 conspiciebatur.

329 901 506 956 Quinta
528 902 604 945 die
626 902 672 944 11
702 901 877 944 mensis
893 901 1050 944 Martii
1082 902 1194 944 anni
1226 902 1308 944 211
1345 903 1503 957 paullo
1536 906 1646 944 ante
1679 915 1902 944 occasum
1935 904 2045 944 solis
2078 903 2269 957 accidit,
2303 903 2512 957 quinque
2546 902 2634 943 cir-

186 975 306 1018 citer
337 975 506 1029 digitos
538 975 651 1017 lata.

329 1046 474 1090 Sexta
511 1046 587 1090 die
626 1045 737 1088 XVI
784 1045 958 1089 mensis
990 1045 1189 1100 Augusti
1227 1046 1339 1088 anni
1371 1047 1457 1087 212
1506 1047 1726 1088 undecim
1774 1047 1962 1101 quidem
1995 1048 2165 1101 digitos
2199 1049 2297 1089 lata
2332 1047 2415 1089 sed
2449 1059 2631 1087 summo

185 1131 326 1163 mane
357 1118 518 1175 paullo
551 1121 655 1174 post
687 1122 839 1161 ortum
873 1117 983 1161 solis
1015 1120 1132 1161 erat.

329 1191 465 1235 Aliae
488 1190 689 1246 eclipses
722 1190 844 1250 solis,
878 1202 1001 1246 quae
1023 1193 1234 1246 tempore
1252 1189 1510 1232 Severiano
1534 1191 1823 1244 acciderunt,
1857 1191 2027 1234 Uticae
2050 1192 2338 1247 conspicuae
2362 1204 2457 1234 non
2480 1194 2631 1233 erant.

330 1263 402 1306 Ex
433 1263 523 1306 hoc
563 1264 717 1305 indice
756 1266 970 1318 apparet,
1009 1263 1207 1317 eclipsin
1240 1263 1498 1305 secundam
1530 1275 1622 1304 non
1672 1275 1774 1304 esse
1823 1263 1981 1316 talem,
2031 1264 2183 1318 qualis
2231 1264 2310 1306 hic
2358 1263 2630 1318 requiritur,

186 1347 340 1391 neque
373 1335 575 1389 tertiam,
609 1347 752 1390 quam
784 1347 923 1377 nemo
955 1334 1113 1378 adhuc
1144 1334 1398 1377 tenendam
1431 1335 1631 1389 putavit.
1676 1334 1738 1377 Ut
1770 1335 1827 1377 de
1861 1334 1932 1377 his
1964 1340 2010 1378 et
2044 1335 2100 1378 de
2133 1335 2238 1378 aliis
2271 1339 2476 1388 taceam,
2512 1347 2632 1389 quas

186 1407 384 1450 reiicere
416 1420 509 1449 non
541 1412 612 1450 est
644 1419 774 1462 opus,
823 1406 925 1450 viro
959 1407 1016 1449 cl.
1051 1406 1232 1450 Wirth
1265 1419 1322 1450 ea
1356 1407 1544 1462 eclipsis
1592 1407 1798 1450 maxime
1846 1406 2014 1460 arrisit,
2063 1420 2185 1461 quae
2218 1408 2299 1450 211
2344 1407 2487 1462 paulo
2527 1413 2631 1462 post

186 1479 350 1522 Severi
382 1482 581 1521 mortem
614 1479 788 1521 evenit.
852 1477 944 1521 Sed
977 1479 1088 1533 quia
1120 1490 1289 1521 vocem
1331 1478 1624 1534 hypsomatis
1672 1479 1813 1533 plane
1862 1478 2031 1520 oblitus
2072 1483 2154 1533 est,
2204 1479 2304 1521 eius
2344 1479 2631 1522 sententiam

186 1551 388 1606 probare
437 1563 528 1591 non
578 1563 781 1605 possum.
846 1551 900 1591 In
932 1550 1097 1592 Africa
1137 1551 1384 1605 provincia
1422 1551 1501 1592 vel
1539 1550 1706 1592 Uticae
1755 1550 1886 1592 cerni
1933 1550 2122 1605 quidem
2170 1551 2332 1606 potuit,
2382 1551 2465 1594 sed
2514 1551 2631 1593 hora

186 1623 350 1677 quinta
383 1627 488 1677 post
519 1623 763 1663 meridiem
796 1623 824 1663 i.
858 1634 898 1663 e.
932 1622 1090 1676 paullo
1123 1625 1234 1664 ante
1267 1634 1490 1664 occasum
1529 1622 1651 1675 solis,
1694 1634 1840 1677 quare
1879 1622 2061 1664 admitti
2109 1635 2201 1665 non
2234 1627 2400 1679 potest,
2464 1622 2631 1679 Neque

186 1695 375 1749 eclipsis
407 1695 520 1736 anni
552 1696 654 1743 212,
694 1707 836 1748 quam
867 1694 1173 1736 Noeldechen
1205 1695 1360 1748 elegit,
1394 1695 1561 1736 melius
1594 1695 1823 1748 congruit,
1858 1695 1999 1736 immo
2032 1696 2172 1750 plane
2205 1696 2506 1751 reprobanda
2545 1699 2630 1749 est,

185 1767 297 1822 quia
329 1779 510 1809 summo
532 1779 672 1809 mane
694 1767 837 1809 finem
859 1766 1038 1818 habuit,
1071 1767 1137 1808 ita
1159 1770 1209 1808 ut
1231 1766 1400 1809 Uticae
1422 1767 1506 1808 vix
1527 1770 1609 1808 aut
1632 1780 1691 1809 ne
1713 1767 1796 1809 vix
1819 1767 2008 1822 quidem
2031 1769 2395 1823 conspiceretur.
2443 1768 2631 1811 Deinde

185 1840 309 1894 quod
341 1839 466 1882 idem
499 1839 574 1881 vir
605 1839 902 1882 doctissimus
934 1839 1116 1893 asserit,
1166 1838 1394 1881 Severum
1441 1839 1776 1894 imperatorem
1824 1852 1879 1881 eo
1933 1847 2157 1895 tempore,
2207 1853 2296 1895 quo
2345 1842 2535 1883 libellus
2567 1840 2628 1882 ad

183 1912 438 1967 Scapulam
477 1912 681 1966 scriptus
713 1915 796 1958 est,
830 1915 1065 1954 mortuum
1098 1925 1214 1966 esse,
1246 1912 1293 1953 id
1326 1912 1529 1967 probare
1561 1913 1748 1954 omnino
1782 1926 1874 1954 non
1908 1914 2099 1968 potuit1.

328 1983 463 2038 Quae
497 1998 641 2039 quum
674 1985 740 2026 ita
773 1985 878 2038 sint,
928 1985 1058 2026 nulla
1091 1984 1281 2039 eclipsis
1312 1984 1438 2026 illius
1470 1985 1695 2039 temporis
1728 1985 1835 2026 talis
1868 1989 1987 2039 erat,
2035 1987 2223 2039 qualem
2262 1986 2486 2028 describit
2520 1986 2631 2028 Ter-

184 2056 421 2110 tullianus,
456 2059 659 2111 excepta
692 2069 762 2109 ea,
796 2062 920 2111 quae
952 2068 1077 2098 anno
1113 2056 1195 2099 197
1245 2056 1434 2099 accidit.
1499 2056 1666 2111 Itaque
1714 2057 1758 2099 ei
1808 2057 2072 2099 sententiae
2121 2058 2338 2099 assentiri
2386 2058 2629 2107 debemus,

184 2141 307 2184 quae
340 2132 482 2181 tenet,
531 2128 741 2171 libellum
774 2127 835 2170 ad
867 2126 1122 2183 Scapulam
1161 2129 1321 2184 paullo
1360 2131 1465 2183 post
1498 2128 1623 2171 diem
1656 2128 1724 2170 ΠΙ
1756 2129 1932 2171 mensis
1965 2129 2087 2171 Iunii
2120 2129 2230 2171 anni
2268 2130 2347 2172 197
2384 2142 2487 2172 esse
2521 2143 2630 2172 con-

183 2200 424 2256 scriptum,
458 2199 806 2255 Scapulamque
839 2200 1169 2254 proconsulem
1217 2200 1383 2242 eodem
1430 2212 1555 2242 anno
1587 2200 1885 2255 provinciam
1918 2200 2130 2243 Africam
2163 2201 2531 2254 administrasse,
2581 2202 2629 2244 in

183 2284 336 2327 caque
359 2271 591 2314 sententia
614 2271 1013 2327 acquiescendum
1034 2275 1120 2326 est,
1154 2272 1460 2326 quantumvis
1483 2272 1747 2315 sententiae
1771 2272 2007 2315 communi
2027 2272 2309 2316 adversetur
2322 2274 2350 2315 ².
2398 2272 2630 2328 Equidem

328 2486 341 2510 ¹
368 2487 415 2522 K.
442 2487 543 2524 Joh.
572 2487 840 2530 Neumaun,
867 2487 949 2522 Der
968 2487 1078 2522 Rom.
1099 2486 1212 2522 Staat
1239 2486 1323 2521 und
1351 2486 1416 2522 die
1444 2487 1704 2533 a.11g.Kirehe
1733 2499 1827 2534 pag.
1849 2488 1919 2524 182
1945 2488 2047 2525 Nota
2079 2488 2111 2533 2,
2140 2489 2256 2525 affert
2285 2496 2322 2525 et
2345 2500 2450 2535 quae
2470 2489 2628 2525 Wirth

184 2553 223 2584 et
250 2559 356 2593 quae
383 2548 695 2583 Noeldechen
723 2548 834 2590 dixit,
862 2547 932 2582 sed
958 2548 1088 2581 utrius
1115 2548 1316 2582 sententia
1344 2547 1557 2592 probanda
1584 2549 1645 2590 sit,
1673 2549 1714 2581 in
1741 2549 1875 2582 medio
1904 2550 2106 2594 relinquit.

326 2606 343 2631 2
368 2608 568 2651 Quoniam
594 2608 722 2643 verba
748 2607 986 2643 Tertulliani
1013 2607 1065 2642 ad
1094 2605 1210 2653 Scap.
1238 2618 1269 2642 c.
1297 2607 1320 2642 3
1345 2607 1387 2642 in
1414 2607 1584 2652 eclipses
1611 2608 1708 2642 anni
1736 2608 1803 2642 211
1832 2613 1871 2644 et
1898 2610 1995 2644 anui
2015 2609 2086 2644 212
2111 2612 2274 2644 omnino
2302 2622 2384 2644 non
2413 2611 2627 2655 quadrant,

183 2668 435 2715 aliquamdiu
462 2668 694 2715 cogitabam
722 2668 772 2703 de
799 2668 935 2714 eclipsi
963 2668 1058 2703 anni
1084 2667 1154 2703 217
1180 2678 1216 2713 p.
1232 2666 1321 2703 Chr.
1366 2667 1478 2709 Quae
1507 2667 1669 2712 quidem
1698 2668 1868 2713 eclipsis,
1900 2669 1995 2704 alibi
2025 2670 2208 2714 perfecta
2236 2675 2273 2705 et
2303 2671 2491 2705 centralis
2520 2671 2627 2711 (vide

185 2728 398 2776 Oppolzer)
425 2727 568 2764 Uticae
596 2728 716 2764 etiam
742 2727 863 2764 valde
886 2737 1037 2775 magna
1065 2726 1401 2774 conspiciebatur,
1442 2727 1593 2763 scilicet
1620 2726 1710 2773 plus
1747 2738 1868 2773 quam
1910 2734 2001 2765 octo
2036 2729 2269 2776 digitorum,
2312 2731 2382 2766 sed
2411 2732 2503 2777 quia
2532 2735 2626 2767 ante

184 2789 391 2825 meridiem
418 2790 441 2824 i.
470 2800 502 2824 e.
531 2790 638 2824 circa
664 2789 805 2824 horam
831 2790 1041 2834 septimam
1067 2788 1210 2823 Uticae
1235 2789 1393 2822 initium
1419 2788 1571 2831 habuit,
1610 2798 1661 2822 ne
1696 2788 1760 2821 illa
1791 2788 1953 2832 quidem
1983 2790 2185 2824 convenit.
2239 2789 2303 2825 Sic
2332 2791 2372 2824 in
2400 2792 2626 2825 contrarias

184 2849 405 2885 sententias
433 2848 649 2884 distractus
675 2849 808 2884 virum
839 2848 1175 2894 spectatissimum
1202 2848 1472 2894 professorem
1492 2847 1532 2882 E.
1553 2846 1833 2891 Schonfeld‚
1862 2848 2053 2893 speculae
2079 2851 2379 2885 astronomicae
2398 2850 2625 2885 Bonnensis

184 2909 448 2955 praefectum,
482 2908 679 2954 collegam
707 2908 1037 2943 amabilissimum
1072 2908 1266 2952 consului,
1310 2908 1378 2953 qui
1417 2917 1480 2942 me
1519 2907 1805 2942 humanissime
1843 2906 2024 2951 audiens,
2065 2918 2108 2943 re
2150 2919 2363 2954 perpensa,
2404 2910 2625 2955 respondit,

184 2969 312 3003 verba
346 2968 586 3004 Tertulliani
627 2969 777 3014 optime
816 2969 1035 3004 convenire
1073 2969 1116 3003 in
1156 2968 1323 3013 eclipsin
1361 2968 1456 3002 anni
1487 2967 1565 3002 197.
1616 2967 1774 3001 Deinde
1815 2967 2077 3002 demandavit
2115 2978 2178 3002 me
2211 2969 2300 3003 viro
2340 2970 2381 3003 in
2415 2969 2476 3003 liis
2502 2970 2627 3005 rebus

185 3030 459 3064 versatissimo
487 3029 528 3064 F.
554 3026 602 3064 K.
630 3028 820 3073 Ginzel,
859 3030 1031 3065 instituti
1058 3029 1161 3074 regii
1191 3028 1463 3064 Berolinensis
1490 3038 1513 3062 a
1541 3027 1913 3073 computationibus
1939 3028 2062 3071 socio,
2098 3033 2142 3063 ut
2177 3030 2246 3072 qui
2273 3030 2353 3063 iam
2382 3029 2538 3074 pridem
2567 3031 2628 3065 his

184 3089 307 3125 rebus
345 3090 680 3135 occupatissimus
717 3089 898 3125 laborem
938 3088 1114 3125 calculos
1151 3089 1403 3124 necessarios
1443 3088 1680 3123 instituendi
1716 3088 1795 3122 iam
1838 3088 2017 3123 subierit.
2070 3088 2182 3130 Quae
2227 3100 2293 3124 res
2330 3089 2384 3125 ita
2414 3101 2457 3125 se
2484 3089 2628 3127 habuit

184 3153 308 3195 atque
335 3150 399 3183 hic
425 3150 488 3183 vir
514 3150 770 3184 doctissimus
795 3150 930 3184 omnia
957 3149 1082 3184 dubia
1109 3148 1239 3184 solvit.
1267 3148 1328 3183 En
1355 3148 1522 3184 comiter
1548 3152 1587 3184 et
1619 3148 1799 3183 officiose
1825 3147 1921 3182 mihi
1948 3148 2049 3183 hacc
2075 3149 2291 3194 rescripsit.
2313 3177 2320 3183 .
2341 3177 2348 3183 .
2370 3177 2377 3183 .
2401 3149 2492 3194 „Ich
2520 3150 2627 3186 habe

184 3209 249 3244 die
276 3209 513 3244 samtliehen
539 3210 606 3244 fiir
619 3209 743 3245 Utika
768 3210 1001 3254 iiberhaupt
1027 3209 1259 3244 sichtbaren
1286 3208 1702 3244 Sonnenfinsternisse
1730 3227 1774 3232 —
1802 3208 1952 3243 sowohl
1979 3208 2155 3243 centrale
2182 3209 2258 3244 wie
2283 3210 2457 3254 partiale
2482 3230 2527 3235 —
2555 3212 2629 3246 roh

182 3268 404 3314 gerechnet
432 3268 517 3303 und
545 3268 610 3303 die
636 3268 845 3314 halbwegs
869 3269 937 3303 fiir
958 3268 1082 3304 Utika
1110 3268 1262 3303 daraus
1289 3268 1347 3302 als
1375 3268 1554 3303 sichtbar
1581 3268 1950 3313 hei-vorgehenden
1977 3278 2115 3313 genau
2141 3268 2226 3302 und
2254 3279 2363 3304 zwar
2389 3273 2512 3304 unter
2541 3271 2630 3306 Ein-

183 3328 367 3373 fiihrung
392 3329 546 3363 meiner
573 3327 841 3373 empirischen
867 3327 1387 3363 Mondbahncorrectionen
1413 3328 1541 3363 nither
1567 3329 1779 3363 bestimmt.
1835 3328 2004 3362 Danach
2031 3329 2164 3373 erg-ibt
2192 3329 2276 3363 sich
2303 3330 2539 3375 folgendes:

326 3387 415 3423 Von
443 3387 522 3422 den
550 3387 761 3433 partiellen
787 3388 838 3422 ist
863 3398 942 3422 nur
968 3387 1034 3422 die
1059 3398 1154 3421 vom
1181 3387 1237 3422 16.
1265 3387 1349 3422 Oct.
1376 3387 1446 3422 209
1472 3388 1543 3422 mit
1567 3387 1645 3422 &¹5
1672 3398 1739 3422 um
1765 3385 1808 3422 Oh
1822 3387 1898 3422 52³²
1928 3386 2091 3433 Mittags
2130 3388 2171 3421 in
2198 3387 2321 3424 Utika
2355 3389 2535 3425 sichtbar
2562 3400 2630 3436 ge-

183 3457 329 3491 wesen,
357 3458 439 3482 von
466 3447 544 3482 den
576 3447 782 3482 centralen
809 3447 874 3482 die
900 3447 1146 3493 folgenden:

2319 3509 2342 3546 3
