2826 3982
1382 247 1441 287 22

175 391 204 421 a
222 377 475 421 Caracalla
497 377 785 433 imperatore
818 378 867 420 in
889 389 1061 432 magno
1093 377 1270 419 honore
1304 376 1508 431 habitus,
1542 380 1708 432 postea
1740 389 1855 419 vero
1897 378 1946 420 in
1977 379 2197 422 exsilium
2228 379 2468 432 relegatus
2501 380 2574 420 est
2596 379 2624 419 ¹.

175 450 267 493 Alii
300 450 467 504 Aspro,
502 449 582 504 qui
615 449 717 493 eius
749 449 873 493 filius
905 448 1094 492 videtur
1126 459 1244 503 esse,
1279 447 1538 492 Caracalla
1565 440 1730 491 Asiam
1761 448 2063 504 provinciam
2095 450 2277 504 obtulit,
2310 448 2394 492 sed
2424 447 2516 491 hoc
2545 447 2630 492 im-

174 526 395 577 peratore
427 520 679 577 repentina
710 524 863 564 morte
895 520 1095 574 sublato,
1128 519 1369 562 Macrinus
1401 532 1511 562 eum
1542 520 1805 575 revocavit,
1839 532 1985 576 quum
2016 521 2112 565 iam
2144 523 2190 568 in
2225 522 2392 566 itinere
2424 521 2550 565 esset
2567 520 2599 562 ἐ

320 592 370 636 C.
404 592 552 636 Iulius
584 592 740 649 Asper
785 593 834 635 in
881 592 1129 635 consulatu
1167 591 1315 634 filium
1353 591 1404 634 C.
1438 592 1609 635 Iulium
1647 591 1892 635 Galerium
1930 593 2138 648 Asprum
2176 595 2410 649 collegam
2447 591 2628 646 habuit,

174 666 307 708 cuius
355 665 559 708 honores
606 666 856 708 consulatu
903 664 1164 706 anteriores
1202 676 1263 706 ex
1302 664 1436 706 titulo
1475 664 1789 707 Mauritanico
1837 665 2057 708 novimus
2075 666 2106 708 ⁸.
2169 666 2276 710 Hac
2321 664 2629 720 inscriptione

172 738 321 780 fretus
353 736 679 793 Waddington
721 735 964 791 conclusit,
1003 735 1210 792 Asprum
1248 734 1481 779 iuniorem
1518 738 1777 791 quaestura
1808 735 2040 780 Africana
2076 747 2203 780 anno
2235 736 2373 792 20516
2413 736 2627 781 functum

172 819 291 863 esse,
332 811 380 851 et
413 808 526 864 quia
556 808 700 851 moris
732 810 849 862 erat,
896 809 948 849 ut
979 806 1300 863 proconsuleS,
1350 806 1389 850 si
1422 817 1540 863 quos
1572 806 1693 851 filios
1725 806 1920 851 idoneos
1951 806 2198 862 haberent,
2240 817 2321 852 eos
2353 808 2628 863 quaestores

170 891 281 921 suos
314 880 363 921 in
396 880 566 921 eadem
598 879 859 936 provincia,
893 889 1036 934 quam
1069 878 1316 934 regebant,
1350 878 1579 934 facerent,
1613 878 1739 923 idem
1763 877 1838 922 vir
1860 877 2159 924 doctissimus
2175 877 2400 935 coniecit,
2422 877 2625 936 Asprum

170 953 408 994 seniorem
446 951 721 1008 provinciae
754 951 945 992 Africae
984 961 1109 992 anno
1149 951 1286 1005 205(ss
1325 951 1603 1007 praefuisse.
1666 949 1803 1005 Quae
1841 950 2032 1007 quidem
2071 950 2361 1006 coniectura,
2409 949 2629 1008 quamvis

170 1025 443 1067 verisimilis
475 1036 579 1066 esse
611 1023 845 1078 videatur,
879 1026 1009 1065 certo
1043 1027 1324 1078 argumento
1357 1035 1451 1066 non
1483 1024 1661 1067 nititur.
1738 1024 1864 1067 Fieri
1896 1024 2024 1067 enim
2055 1023 2221 1080 potuit,
2254 1026 2306 1067 ut
2337 1023 2493 1080 Asper
2522 1027 2627 1080 post

171 1097 377 1153 primum
411 1097 721 1150 consulatum,
756 1097 890 1138 cuius
923 1099 1110 1151 tempus
1143 1096 1395 1150 nescimus,
1429 1107 1523 1139 non
1556 1098 1662 1151 post
1695 1095 1971 1151 secundum,
1995 1095 2208 1139 Africam
2229 1094 2529 1152 provinciam
2550 1095 2629 1139 ob-

171 1170 358 1211 tineret.
423 1170 577 1223 Atque
610 1169 677 1210 ita
710 1169 868 1222 fuisse,
903 1180 1030 1210 nunc
1063 1168 1325 1223 putandum
1349 1171 1434 1221 est,
1469 1168 1581 1223 quia
1604 1180 1664 1211 ex
1687 1167 1756 1222 iis,
1791 1179 1915 1223 quae
1937 1179 2083 1224 supra
2103 1167 2233 1211 dicta
2255 1169 2378 1223 sunt,
2412 1169 2627 1224 apparet,

172 1242 377 1296 Asprum
416 1253 522 1282 eam
562 1240 860 1295 provinciam
898 1240 1093 1295 rexisse,
1134 1244 1392 1294 antequam
1427 1240 1746 1282 Tertullianus
1785 1240 1998 1282 libellum
2037 1239 2098 1282 ad
2130 1238 2387 1295 Scapulam
2425 1239 2627 1295 scripsit.

171 1314 199 1354 i.
224 1326 264 1354 e.
299 1318 409 1354 ante
442 1324 621 1353 annum
658 1312 755 1354 197.
806 1311 990 1365 Quibus
1023 1313 1081 1354 de
1115 1312 1297 1354 caussis
1330 1312 1431 1354 eius
1463 1312 1849 1366 proconsulatum
1881 1323 1974 1353 non
2008 1323 2117 1353 cum
2134 1311 2317 1354 Tissoto
2348 1311 2548 1366 aliisque
2581 1311 2629 1353 in

170 1397 295 1426 anno
328 1385 465 1438 205]ss
499 1384 844 1437 collocandum,
879 1384 962 1426 sed
995 1384 1136 1427 altius
1169 1383 1511 1426 removendum
1544 1395 1661 1439 esse,
1696 1394 1883 1426 censeo.

314 1457 386 1499 De
419 1458 573 1511 Aspro
612 1457 894 1511 proconsule
932 1469 1066 1512 prov.
1100 1457 1293 1499 Africae
1326 1456 1645 1499 Tertullianus
1683 1456 1842 1510 refert,
1883 1468 1991 1498 eum
2031 1467 2192 1498 coram
2231 1455 2548 1497 assessoribus
2581 1459 2628 1497 et

171 1528 420 1571 advocatis
451 1528 501 1571 in
533 1528 761 1571 tribunali
795 1528 1040 1571 sedentem
1073 1529 1338 1583 professum
1372 1540 1490 1581 esse,
1530 1527 1704 1581 dolere,
1745 1539 1795 1570 se
1826 1527 2049 1570 incidisse
2087 1527 2135 1569 in
2168 1526 2294 1569 hanc
2327 1538 2547 1569 caussam
2580 1533 2627 1568 et

172 1599 495 1643 Christianum
527 1602 809 1643 accusatum
842 1602 889 1642 et
921 1599 1108 1642 modice
1141 1603 1369 1642 vexatum
1402 1612 1496 1641 non
1528 1599 1826 1654 compulisse,
1861 1602 1911 1642 ut
1944 1599 2250 1642 sacrificaret.

316 1670 364 1714 Si
397 1671 550 1714 textui
573 1671 635 1714 ab
666 1671 925 1714 editoribus
957 1674 1151 1726 recepto
1184 1671 1301 1713 fides
1334 1671 1556 1713 habenda
1588 1671 1661 1725 sit,
1695 1675 1918 1725 quartum
1940 1672 2132 1726 insuper
2154 1671 2387 1713 fautorem
2405 1669 2628 1713 Christia-

171 1756 340 1786 norum
363 1742 684 1798 'Rertullianus
716 1742 992 1799 produxerit
1015 1742 1276 1786 Pudentem
1309 1743 1653 1799 proconsulem.
1702 1742 1794 1786 Sed
1823 1743 1935 1798 quia
1956 1742 2115 1786 omnia
2147 1754 2207 1786 ex
2239 1741 2627 1798 interpretatione

171 1819 306 1859 recta
340 1815 562 1872 pendent,
597 1817 721 1858 totus
753 1815 884 1858 locus
918 1815 1307 1858 transcribendus
1340 1820 1424 1858 est.
1489 1815 1808 1858 Tertullianus
1841 1815 1977 1859 dicit:
2010 1815 2181 1866 Quanti
2213 1820 2364 1859 autem
2388 1815 2628 1871 praesides

172 1894 214 1931 et
252 1889 579 1932 constantiores
617 1892 658 1930 et
696 1888 972 1930 crudeliores
1010 1888 1414 1930 dissimulaverunt
1452 1890 1508 1930 ab
1546 1889 1806 1931 huiusmodi
1838 1889 2042 1932 caussis?
2115 1889 2171 1932 Ut
2206 1888 2388 1932 Cincius
2419 1887 2625 1940 Severus,

171 1961 249 2016 qui
288 1960 490 2017 Thysdri
521 1961 616 2016 ipse
648 1960 773 2002 dedit
805 1960 1067 2013 remedium,
1101 1961 1319 2015 quomodo
1352 1961 1677 2015 responderent
1713 1958 1977 2014 Christiani,
2010 1964 2061 2003 ut
2092 1960 2261 2003 dimitti
2285 1960 2500 2016 possent?
2571 1960 2627 2002 L't

183 2032 455 2087 Vespronius
489 2030 736 2083 Candidus,
777 2032 855 2086 qui
890 2030 1201 2074 Christianum
1239 2032 1372 2086 quasi
1410 2032 1736 2074 tumultuosum
1775 2032 1948 2074 civibus
1984 2032 2081 2074 suis
2117 2032 2385 2088 satisfacere
2424 2031 2627 2073 dimisit?

177 2104 234 2146 Ut
265 2101 427 2159 Asper,
462 2103 539 2158 qui
570 2103 742 2144 modice
774 2107 989 2144 veoeatum
1021 2103 1244 2145 hominem
1277 2108 1318 2144 et
1350 2104 1504 2145 statim
1537 2104 1757 2145 deiectum
1790 2118 1869 2145 nec
1902 2104 2178 2160 sacrificium
2210 2103 2427 2159 compulit
2454 2105 2624 2159 facere,

165 2180 270 2217 ante
300 2175 545 2230 professus
581 2174 702 2216 inter
741 2174 984 2216 advocatos
1022 2178 1064 2216 et
1102 2188 1351 2216 assessores
1389 2174 1554 2226 dolere,
1594 2189 1640 2216 se
1678 2175 1892 2216 incidisse
1926 2175 1975 2216 in
2006 2175 2122 2216 hanc
2154 2189 2376 2216 caussam.
2442 2175 2626 2215 Pudens

164 2246 300 2290 etiam
336 2246 521 2289 missum
554 2246 614 2290 ad
646 2260 692 2289 se
728 2244 1040 2291 Christianum
1072 2246 1121 2289 in
1154 2246 1294 2302 eloyio
1328 2246 1616 2289 concussione
1649 2246 1746 2289 eius
1777 2246 2008 2289 intellecta
2038 2246 2212 2289 dimisit
2227 2246 2260 2288 ⁴.

310 2315 465 2372 Quem
498 2317 655 2361 locum
688 2317 726 2361 si
760 2319 988 2361 accurate
1011 2316 1385 2372 discusserimus,
1419 2316 1703 2371 videbimus,
1727 2316 2074 2361 Tertullianum
2095 2317 2144 2360 in
2166 2317 2501 2361 enumerandis
2522 2330 2625 2372 pro-

164 2389 439 2433 consulibus
472 2400 530 2433 ea
562 2389 715 2445 figura
749 2401 885 2433 usum
919 2400 1037 2443 esse,
1072 2401 1215 2444 quam
1247 2388 1462 2433 rhetores
1494 2388 1826 2445 repetitionem
1848 2389 2108 2445 appellant,
2143 2389 2326 2433 dicens:
2369 2391 2425 2434 Ut
2444 2388 2626 2435 Cincius

165 2463 373 2516 Severus,
406 2463 484 2518 qui
503 2495 511 2504 .
533 2495 572 2505 ..
601 2463 657 2507 Ut
689 2460 1237 2518 Vespronius-(laudidus,
1270 2462 1405 2518 qui..
1428 2495 1466 2504 ..
1495 2462 1551 2505 Ut
1573 2459 1736 2518 Asper,
1770 2463 1847 2518 qui
1871 2496 1879 2504 .
1901 2495 1910 2505 .
1932 2496 1940 2504 .
1961 2460 2136 2517 Quare,
2170 2474 2360 2518 quaeso,
2393 2462 2455 2505 ad
2487 2475 2625 2517 quar-

163 2540 263 2576 tum
302 2534 633 2588 proconsulem
673 2533 910 2576 transiens
949 2533 1151 2575 eundem
1190 2533 1382 2575 modum
1421 2533 1611 2575 dicendi
1649 2546 1743 2575 non
1783 2534 1998 2576 servavit
2030 2546 2185 2590 neque
2217 2534 2266 2576 in
2298 2534 2467 2577 eadem
2499 2546 2622 2577 com-

162 2605 393 2661 positione
426 2606 681 2648 verborum
715 2605 1063 2648 consummavit
1095 2618 1362 2648 sermonem
1401 2605 1585 2647 dicens:
1645 2607 1700 2649 Ut
1733 2607 1930 2660 Pudens,
1969 2608 2047 2663 qui
2078 2608 2266 2650 missum
2297 2607 2421 2650 etc.?
2482 2606 2623 2650 Nulla

162 2691 271 2721 mea
303 2677 495 2733 quidem
529 2678 765 2721 sententia
798 2690 969 2719 caussa
1001 2681 1104 2720 erat
1137 2678 1363 2719 orationis
1395 2678 1608 2720 ordinem
1640 2679 1868 2721 mutandi.
1939 2679 2047 2722 Huc
2078 2680 2280 2734 accedit,
2313 2679 2438 2735 quod
2470 2679 2623 2722 codex

162 2750 425 2792 Vaticanus
462 2751 559 2803 190,
593 2763 735 2804 quem
769 2740 968 2804 inspexi,
1002 2751 1105 2791 loco
1139 2750 1272 2791 vocis
1309 2750 1549 2805 „Pudens“
1586 2751 1730 2793 habet
1767 2751 1964 2807 „pudet“
2007 2754 2054 2793 et
2093 2753 2133 2793 si
2172 2763 2282 2794 cum
2314 2751 2419 2793 aliis
2451 2751 2622 2794 codici-

161 2822 250 2865 bus
288 2819 403 2864 illud
446 2821 682 2877 „pudens“
725 2821 930 2864 retinere
968 2823 1200 2875 volumus,
1251 2835 1343 2863 non
1381 2834 1465 2877 pro
1505 2823 1692 2865 nomine
1735 2824 1925 2878 proprio
1965 2823 2239 2866 habendum
2278 2826 2363 2876 est,
2412 2823 2495 2865 sed
2535 2836 2621 2879 pro

161 2893 428 2948 participio.

308 3095 318 3118 ¹
347 3095 440 3133 Dio
468 3095 525 3143 77,
554 3095 588 3133 5.

306 3157 321 3179 2
348 3158 410 3190 Id.
437 3159 493 3197 78,
525 3159 583 3191 22.
829 3193 836 3199 ,

304 3214 319 3238 3
344 3215 518 3251 Tissot.
547 3227 641 3261 pag.
674 3216 753 3250 139.
804 3216 988 3252 Marini
1015 3216 1078 3252 Gli
1105 3218 1178 3251 atti
1206 3229 1227 3251 e
1255 3219 1507 3251 monumenti
1535 3218 1599 3251 dei
1627 3218 1775 3252 fratelli
1803 3219 1933 3251 arvali
1961 3218 2087 3251 Rome
2116 3218 2208 3252 1795
2235 3222 2260 3252 t.
2288 3218 2326 3251 11
2352 3228 2446 3263 pag.
2476 3217 2547 3251 784
2561 3218 2586 3250 f.

303 3272 319 3298 ⁴
345 3273 471 3311 Tert.
500 3274 553 3311 ad
572 3273 690 3321 Scap.
708 3274 731 3310 4
757 3275 981 3312 secundum
1008 3276 1101 3311 edit.
1118 3275 1304 3311 Oehler.
1332 3274 1556 3312 Concussio
1584 3281 1644 3313 est
1671 3276 1939 3323 depraedatio
1966 3278 2224 3313 simulatione
2250 3279 2464 3324 potestatis
2491 3278 2619 3325 publi-

159 3346 232 3370 cae
260 3336 369 3370 facta
396 3334 641 3378 Dirksen,
670 3335 861 3371 manuale
889 3348 918 3372 s.
947 3337 982 3371 h.
1012 3348 1048 3371 v.
