2826 3982
1377 243 1434 283 :20

172 385 288 415 eum
322 386 365 416 a.
403 374 487 415 172
520 386 564 428 p.
599 373 707 416 Chr.
741 374 953 427 legatum
986 374 1187 428 Augusti
1241 377 1287 416 et
1338 378 1696 430 propraetorem
1744 377 2022 432 provinciae
2053 375 2301 419 Numidiae
2349 375 2639 431 praemiss-210¹

175 449 222 488 et
255 446 403 488 fllium
436 446 647 488 eiusdem
680 446 882 488 nominis
914 446 1151 499 habuisse,
1201 446 1292 500 qui·
1336 451 1522 501 patrem
1567 447 1614 489 in
1648 447 2026 491 administranda
2059 448 2305 503 provincia
2335 447 2637 490 adiuvabat2.

172 518 232 559 M.
252 518 504 560 Aemilium
538 517 752 560 Macrum
775 517 1081 560 Saturninum
1118 521 1304 572 patrem
1338 519 1499 573 paullo
1533 521 1654 574 post,
1688 530 1813 560 anno
1840 519 1925 561 174
1959 520 2079 574 dim,
2113 520 2355 563 consulem
2388 519 2638 562 suffectum

174 590 333 644 fuisse,
367 590 502 632 fastis
536 590 864 632 consularibus
897 589 1124 632 docemur
1140 591 1169 631 ³.
1233 589 1412 644 Quodsi
1460 591 1539 633 ille
1588 602 1711 632 anno
1763 590 1848 632 174
1901 591 2058 633 fasces
2105 592 2317 646 gerebat,
2366 601 2520 646 neque
2559 591 2670 634 lex*

172 674 326 716 neque
376 662 667 704 consuetudo
717 662 952 716 obstabat,
1003 662 1253 717 quominus
1301 674 1426 704 anno
1463 663 1547 704 180
1580 675 1625 718 p.
1661 661 1769 704 Chr.
1822 661 2100 717 provinciae
2148 663 2341 706 Africae
2387 662 2638 718 proconsul

173 734 530 787 praeficeretur.

317 803 410 847 Sed
444 805 566 847 ultra
607 805 894 859 progredior.
960 804 1297 847 Proconsulem
1331 806 1538 858 Africae,
1573 806 1652 859 qui
1687 817 1812 847 anno
1848 805 1934 847 180
1965 816 2072 847 eam
2105 806 2402 859 provinciam
2435 805 2632 848 admini-

172 876 371 930 strabat,
405 889 578 920 nomen
611 876 850 919 Saturnini
885 876 1120 931 habuisse,
1154 877 1292 919 hodie
1328 890 1421 920 non
1455 881 1529 920 est
1562 878 1718 932 opinio
1752 877 1898 920 futilis
1930 880 2013 919 aut
2044 889 2177 919 mera
2210 878 2499 931 coniectura,
2548 878 2632 920 sed

171 954 302 992 certo
335 952 501 992 autore
536 952 795 1004 comperta.
860 948 1047 991 Eximia
1096 949 1222 991 enim
1274 949 1603 1005 providentiae
1653 949 1844 992 divinae
1887 949 2182 1003 benignitate
2215 954 2517 1004 prospectum
2552 954 2635 1004 est,

173 1025 223 1064 ut
257 1021 462 1077 optimus
495 1021 628 1065 testis
662 1022 796 1065 nobis
831 1022 1099 1075 innotuerit,
1149 1023 1308 1065 versio
1343 1022 1531 1066 Graeca
1573 1022 1788 1076 martyrii
1821 1021 2186 1076 Scillitanorum,
2235 1035 2330 1077 qua
2367 1028 2558 1078 reperta
2590 1028 2638 1065 et

170 1093 299 1135 edita
338 1093 414 1135 vir
458 1093 787 1136 ornatissimus
830 1093 1023 1148 Usener,
1073 1094 1223 1136 omnis
1262 1094 1560 1149 antiquitatis
1598 1094 1924 1150 peritissimus,
1982 1093 2041 1137 de
2079 1093 2275 1137 historia
2308 1094 2636 1138 ecclesiastica

170 1166 345 1221 optime
394 1167 580 1208 meruit.
646 1166 738 1219 Qui
778 1167 925 1220 testis,
975 1167 1194 1221 quamvis
1234 1172 1397 1210 cetera
1437 1168 1627 1210 nomina
1669 1180 1762 1210 non
1801 1167 2046 1222 praebeat,
2096 1167 2193 1209 solo
2242 1166 2429 1209 nomine
2477 1166 2636 1210 Satur-

169 1238 268 1279 nini
301 1242 566 1291 contentuS,
601 1239 783 1292 probat,
819 1239 947 1280 hunc
980 1239 1288 1280 Saturninum
1321 1251 1414 1280 non
1447 1252 1571 1281 anno
1609 1240 1698 1280 200
1736 1239 1815 1280 vel
1848 1240 1950 1291 201,
1985 1238 2107 1280 sicut
2140 1241 2330 1280 autores
2363 1241 2524 1280 nostra
2556 1251 2634 1281 ae-

171 1312 270 1351 tate
305 1310 573 1364 superiores
605 1322 690 1364 pro
723 1310 1039 1352 subsidiorum
1074 1310 1259 1352 ratione
1293 1311 1624 1364 opinabantur,
1675 1311 1758 1352 sed
1798 1322 1922 1352 anno
1965 1310 2050 1351 180
2088 1309 2385 1364 provinciam
2423 1310 2636 1352 Africam

169 1381 542 1423 administrasse.
607 1381 765 1434 Porro,
811 1393 956 1435 quum
991 1393 1098 1423 eum
1133 1394 1321 1436 quoque
1361 1382 1705 1436 proconsulem,
1740 1381 1820 1436 qui
1853 1381 2033 1437 primus
2065 1381 2112 1423 in
2145 1380 2553 1435 Africa-gladium
2587 1382 2634 1424 in

168 1452 453 1494 christianos
486 1453 596 1506 egit,
631 1465 802 1494 nomen
837 1453 1079 1495 Saturnini
1114 1453 1354 1508 habuisse,
1388 1453 1710 1496 Tertullianus
1743 1453 1885 1507 dicat,
1922 1465 2062 1495 nemo
2102 1452 2260 1495 adhuc
2291 1453 2338 1495 id
2371 1464 2456 1508 pro
2488 1464 2635 1496 caeco

168 1524 407 1566 Fortunae
441 1536 556 1566 casu
589 1525 668 1567 vel
702 1525 806 1566 lusu
839 1524 1019 1578 habuit,
1068 1525 1151 1567 sed
1184 1538 1347 1567 omnes
1380 1525 1470 1567 viri
1510 1525 1648 1579 docti,
1709 1526 1914 1567 iudicem
1966 1526 2222 1579 crudelem,
2271 1525 2351 1579 qui
2399 1530 2635 1578 martyres

167 1597 437 1639 scillitanos
477 1596 647 1652 capitis
686 1596 1037 1651 condemnavit,
1087 1596 1291 1640 eundem
1331 1610 1434 1640 esse
1469 1601 1636 1653 putant
1680 1600 1823 1651 atque
1864 1596 2013 1651 illum,
2065 1596 2145 1651 qui
2178 1596 2358 1651 primus
2390 1596 2437 1639 in
2470 1596 2635 1640 Africa

177 1668 470 1711 Tertulliano
503 1670 623 1711 teste
659 1668 952 1712 Christianos
985 1671 1263 1724 persecutus
1296 1673 1381 1712 est.

316 1740 450 1794 Eum,
502 1753 527 1782 e
568 1743 711 1794 gente
746 1740 949 1783 Aemilia
1001 1744 1155 1783 ortum
1194 1744 1241 1783 et
1273 1740 1334 1783 M.
1370 1741 1627 1783 Aemilium
1659 1740 1874 1783 Macrum
1907 1740 2209 1783 Saturninum
2250 1743 2474 1782 vocatum
2515 1752 2632 1794 esse,

170 1812 564 1868 inscriptionibus
597 1824 741 1868 supra
780 1811 938 1855 allatis
971 1812 1114 1855 valde
1163 1812 1412 1868 probabile
1461 1812 1688 1855 redditur.
1752 1810 1887 1866 Quae
1936 1811 2171 1855 sententia
2217 1810 2331 1854 mihi
2379 1823 2434 1854 eo
2482 1811 2634 1866 magis

171 1884 343 1938 arrisit,
393 1884 506 1939 quia
553 1897 671 1938 gens
718 1885 924 1927 Aemilia
973 1885 1301 1927 incredibilem
1353 1896 1601 1927 numerum
1650 1883 1860 1926 virorum
1910 1883 2159 1937 clarorum,
2207 1883 2632 1926 iureconsultorum

170 1959 217 1999 et
250 1956 615 2010 magistratuum
648 1956 941 2011 reipublicae
976 1956 1213 1998 donavit⁴.
1269 1956 1479 2009 Quorum
1512 1955 1804 1998 clarissimus
1836 1955 1964 1997 haud
1997 1954 2139 1997 dubie
2171 1954 2251 1997 ille
2283 1954 2628 1997 iureconsultus

167 2027 268 2081 fuit,
303 2039 328 2070 e
362 2026 498 2070 cuius
530 2026 663 2070 libris
697 2026 951 2082 sexaginta
985 2027 1076 2070 loci
1110 2027 1323 2082 excerpti
1358 2027 1404 2070 in
1436 2027 1645 2081 Digestis
1680 2027 1943 2081 leguntur⁵‚
1990 2026 2072 2069 sed
2112 2026 2314 2069 eundem
2347 2039 2451 2069 esse
2484 2028 2627 2081 atque

166 2099 313 2153 illum,
345 2099 403 2141 de
428 2111 521 2153 quo
544 2099 622 2141 hic
645 2099 815 2153 agitur,
850 2100 1093 2141 afffrmare
1116 2111 1209 2141 non
1232 2099 1398 2141 audeo.
1441 2099 1572 2141 Idem
1606 2099 1664 2140 de
1682 2098 1883 2141 Aemilio
1905 2097 2071 2140 Macro
2104 2097 2347 2152 praefecto
2380 2098 2630 2153 praetorio,

167 2170 246 2225 qui
280 2183 405 2213 anno
438 2171 527 2212 202
560 2173 642 2212 aut
664 2171 751 2212 203
774 2170 964 2212 hortatu
982 2170 1217 2212 Plautiani
1243 2171 1466 2213 asevero
1490 2172 1688 2213 necatus
1722 2172 1806 2223 est,
1841 2172 1888 2212 et
1925 2169 1983 2212 de
2006 2168 2258 2212 Saturnino
2292 2170 2484 2213 consule
2517 2170 2631 2213 anni

167 2243 267 2295 198,
302 2243 383 2297 qui
401 2241 591 2284 Gallum
626 2243 860 2296 collegam
894 2242 1074 2297 habuit,
1110 2243 1364 2285 dicendum
1398 2243 1601 2296 videtur,
1648 2242 1791 2284 immo
1824 2242 1935 2296 quia
1970 2241 2292 2284 Tertullianus
2323 2241 2629 2285 Saturninum

164 2315 497 2369 proconsulem
530 2315 737 2367 Africae,
772 2315 976 2369 primum
1001 2318 1358 2368 persecutorem
1384 2314 1758 2357 Christianorum
1792 2314 1857 2355 ibi
1891 2313 2179 2367 degentium,
2213 2313 2392 2355 lumina
2415 2314 2629 2355 amisisse

166 2390 345 2438 narrat,
380 2386 644 2427 verisimile
678 2391 762 2437 est,
798 2398 905 2427 eum
940 2399 969 2427 a
1004 2387 1206 2438 negotiis
1239 2386 1443 2440 publicis
1476 2398 1579 2427 esse
1613 2388 1860 2427 remotum.

308 2457 502 2498 Silentio
535 2469 628 2498 non
662 2462 732 2498 est
766 2457 1182 2511 praetereundum,
1234 2457 1472 2510 quaedam
1508 2470 1536 2498 a
1570 2456 1685 2497 viris
1725 2455 1875 2497 doctis
1925 2454 2299 2496 sumministrata
2339 2467 2457 2507 esse,
2506 2468 2629 2509 quae

164 2527 368 2581 Vigellio
402 2527 673 2582 proconsuli
713 2528 878 2569 favere
911 2527 1148 2569 videntur.
1213 2528 1443 2570 Inventus
1492 2529 1563 2569 est
1611 2526 1736 2569 enim
1785 2525 1952 2581 paucis
1992 2525 2169 2567 abhinc
2200 2525 2338 2567 annis
2372 2525 2419 2567 in
2451 2525 2629 2568 Moesia

165 2598 387 2640 inferiore
422 2599 585 2653 lapis‘³,
626 2599 705 2653 qui
744 2599 871 2641 hanc
916 2598 1274 2653 inscriptionem
1323 2599 1490 2641 habet:
1541 2599 1593 2640 P.
1639 2598 1823 2654 Viyellio
1857 2598 1975 2640 Raio
2009 2597 2169 2640 Plario
2203 2597 2455 2639 Saturnino
2487 2597 2629 2640 Atilio

162 2670 420 2714 Βναάααηο
454 2670 648 2714 Aue-idio
690 2670 888 2715 Tertullo
922 2670 1028 2728 Leq.
1054 2670 1170 2728 Any.
1207 2671 1320 2714 ordo
1347 2671 1388 2714 T
1384 2670 1704 2715 roes-meusium
1740 2685 1797 2713 ezr
1828 2670 2005 2713 decreto
2037 2684 2132 2713 suo.
2203 2667 2357 2723 Quem
2375 2668 2629 2724 Vigellium

167 2743 488 2796 Saturninum,
539 2743 717 2797 ingenti
751 2742 972 2797 congerie
1013 2742 1255 2786 nominum
1296 2744 1529 2798 ornatum,
1579 2741 1636 2785 de
1682 2740 1931 2785 civitatula
1968 2740 2265 2785 Troesmensi
2303 2740 2478 2798 optime
2518 2741 2629 2786 licet

308 2862 320 2887 ¹
348 2862 388 2900 C.
417 2863 446 2898 I.
477 2862 522 2897 L.
550 2866 576 2898 t.
603 2862 706 2898 vlll.
734 2862 830 2898 4209
859 2869 898 2898 et-
924 2862 1031 2898 4210.
1083 2862 1270 2898 Renier
1312 2864 1430 2898 inser.
1457 2862 1548 2907 Alg.
1578 2862 1671 2897 1418
1698 2867 1736 2897 et
1764 2861 1868 2896 1419.
1919 2860 1968 2895 Μ.
1995 2861 2190 2896 Aemilius
2216 2861 2352 2896 Macer
2384 2861 2629 2897 Saturninus

162 2923 263 2970 Leg.
292 2922 398 2970 Aug.
428 2923 492 2958 Pr.
521 2922 583 2958 Pr.
614 2951 620 2957 .
649 2951 655 2957 .
685 2951 692 2958 .
720 2922 768 2958 M.
797 2922 933 2959 Aurel.
964 2923 1054 2958 trib.
1088 2928 1167 2970 pot.
1196 2922 1332 2959 XXVI
1360 2937 1403 2952 =
1433 2922 1502 2959 172
1529 2933 1565 2969 p.
1594 2920 1685 2959 Chr.

303 2983 319 3006 2
345 2983 386 3019 C.
416 2984 443 3018 I.
471 2983 515 3017 L.
543 2987 568 3018 t.
597 2983 700 3027 VIII,
728 2983 833 3018 2731.
886 2983 1071 3019 Renier
1111 2983 1132 3017 Ι.
1162 2983 1184 3018 l.
1226 2983 1283 3018 40.
1346 2982 1394 3017 M.
1423 2982 1595 3018 Aemilio
1639 2981 1777 3017 Macro
1818 2980 2050 3017 Saturnino.
2101 2980 2150 3016 M.
2180 2979 2324 3016 Aemili
2364 2979 2488 3016 Macri
2526 2980 2627 3029 Leg.

161 3045 267 3090 Aug.
297 3045 360 3079 Pr.
388 3045 452 3078 Pr.
482 3045 562 3078 filio
591 3044 634 3078 T.
662 3044 849 3078 Valerius
878 3044 1050 3078 Rufinus
1077 3044 1176 3089 Leg.
1206 3044 1273 3077 111.
1301 3044 1408 3089 Aug.

311 3103 326 3126 ³
354 3104 520 3148 Klein,
548 3104 640 3139 rasti
668 3114 776 3139 cons.
806 3114 899 3150 pag.
928 3103 985 3139 79.
1037 3103 1224 3139 Renier
1250 3103 1273 3138 l.
1302 3104 1325 3138 l.
1353 3115 1413 3138 nr.
1441 3103 1498 3138 39.

303 3164 318 3188 ⁴
345 3163 525 3209 Pauly,
554 3163 950 3209 Realencyclopadie
977 3175 1006 3198 s.
1033 3175 1069 3197 v.
1100 3162 1282 3199 Aemilia.

304 3223 320 3247 ⁵
345 3223 581 3268 Rudorff,
612 3222 825 3260 Romische
853 3223 1236 3269 Rechtsgeschichte
1264 3223 1280 3259 I
1310 3224 1379 3259 198
1405 3233 1516 3269 seqq.

304 3284 319 3306 θ
344 3284 468 3331 Apud
496 3283 711 3330 oppidum,
740 3283 850 3330 quod
878 3287 1053 3320 vocatur
1080 3283 1235 3330 Iglitza.
1288 3283 1328 3320 C.
1357 3283 1385 3319 I.
1413 3282 1457 3319 L.
1485 3287 1510 3319 t.
1538 3281 1607 3328 ΙΙΙ,
1634 3282 1739 3318 6183.
1792 3282 1994 3327 Renicr,
2022 3286 2203 3329 comptes
2230 3282 2382 3318 rendus
2408 3282 2458 3318 de
2485 3281 2626 3321 l'acad.

161 3345 232 3379 des
259 3346 377 3379 inser.
406 3350 445 3379 et
476 3345 548 3379 des
582 3345 706 3379 belles
733 3345 871 3378 lettres
900 3344 1003 3388 1864,
1032 3354 1125 3390 pag.
1155 3344 1236 3378 256.
