2826 3982
1394 239 1448 280 12

332 372 673 414 Vehementius
713 376 760 414 et
798 372 1041 416 crudelius
1073 377 1216 429 atque
1250 373 1297 415 in
1330 373 1491 428 plures
1524 383 1648 414 anno
1684 370 1766 413 197
1802 372 1987 428 saeviit,
2035 373 2221 429 Albino,
2259 374 2408 416 altero
2440 365 2644 428 aemulo,

185 444 232 485 in
267 443 435 486 Galliis
467 444 614 485 armis
646 448 886 499 superato.
951 445 1085 487 Tunc
1118 445 1243 487 enim
1276 444 1377 485 eius
1409 443 1611 484 viduam·
1638 446 1685 484 et
1717 442 1837 484 filios
1869 444 2167 500 trucidavit1,
2215 445 2464 488 Pescennii
2494 445 2644 488 vidua

187 515 389 568 filiisque
429 515 591 569 paullo
639 519 751 557 ante
808 516 1072 558 interfectis
1083 518 1113 569 ²,
1168 515 1336 556 deinde
1391 526 1507 556 vero
1554 514 1853 555 innumeram
1881 515 2257 559 *multitudinem
2304 517 2544 559 hominum
2591 517 2643 558 in

188 583 345 629 Gallia
377 583 708 642 Hispaniaque
756 585 1008 641 interemit,
1057 584 1271 642 inprimis
1318 584 1491 628 multos
1538 583 1724 628 illarum
1774 583 2131 640 provinciarum
2174 598 2401 643 vproceres
2432 587 2640 633 necavit.

182 656 220 699 E
254 659 527 700 senatorum
560 657 759 702 numero
792 670 916 701 anno
943 657 1027 700 194
1059 656 1239 700 nullum
1262 655 1473 699 occisum
1505 656 1650 700 refert
1667 655 1770 711 Dio,
1804 668 1950 699 unum
1982 656 2133 700 solum
2165 657 2501 715 interemptum
2534 671 2642 704 nar·

180 731 257 772 rat
280 727 564 786 Spartianus
583 730 614 786 ³,
649 741 774 774 anno
806 732 965 773 autem
1002 728 1082 772 197
1118 728 1292 772 multos
1324 731 1520 772 necatos
1552 738 1655 771 esse
1689 729 1887 771 constat.
1951 727 2061 772 Post
2092 728 2343 775 victoriam
2376 730 2502 776 enim
2518 730 2641 788 Lug·

180 801 446 844 dunensem
485 802 716 858 epistulae
755 802 815 844 ad
848 801 1072 843 Albinum
1113 801 1255 843 datae
1293 801 1519 843 inventae
1558 802 1679 855 sunt,
1718 800 1888 856 quibus
1927 800 2119 844 nomina
2150 801 2379 846 nobilium
2410 802 2641 847 Romano-

181 884 302 929 rum,
336 874 418 930 qui
451 874 553 918 eius
586 874 800 930 partibus
833 873 1064 916 favebant
1097 875 1179 916 aut
1212 873 1422 916 amicitia
1455 882 1562 915 cum
1595 882 1651 915 eo
1673 872 1914 916 coniuncti
1946 875 2096 928 erant,
2120 871 2297 918 severo
2317 873 2640 925 innotuerunt.

181 945 344 999 Quare
377 947 628 1001 sexaginta
661 948 884 1000 quattuor
916 948 1164 987 senatores
1195 946 1244 987 in
1276 945 1501 987 iudicium
1524 945 1683 986 vocati
1716 948 1838 999 sunt,
1871 955 2070 1000 quorum
2102 955 2215 1000 pars
2245 946 2397 989 maior
2418 946 2638 1002 absoluti,

182 1019 503 1071 undetriginta
537 1029 651 1060 vero
685 1017 745 1060 ad
780 1017 1067 1072 supplicium
1100 1018 1231 1060 missi
1264 1021 1384 1070 sunt,
1418 1017 1543 1059 inter
1574 1029 1691 1071 quos
1708 1016 2009 1072 Sulpicianus
2040 1029 2177 1060 socer
2198 1017 2461 1061 Pertinacis
2493 1019 2637 1073 impe—

179 1090 363 1131 ratoris.
411 1090 612 1142 Insuper
630 1088 846 1131 Cincium
865 1088 1110 1141 Severum,
1146 1089 1351 1131 amicum
1385 1102 1535 1140 suum,
1570 1088 1887 1130 calumniatus
1920 1091 2004 1140 est,
2039 1089 2163 1141 quod
2196 1102 2247 1131 se
2275 1103 2461 1131 veneno
2493 1104 2639 1143 appe-

179 1159 325 1214 tisset,
365 1162 603 1215 postremo
636 1158 929 1215 Narcissum,
965 1158 1208 1205 Commodi
1247 1158 1660 1213 strangulatorem,
1699 1158 1915 1203 leonibus
1947 1158 2135 1215 obiecit,
2175 1159 2309 1204 cuius
2349 1159 2492 1205 etiam
2526 1160 2637 1205 Ter-

178 1231 415 1286 tullianuS,
450 1231 586 1275 novis
620 1234 789 1276 vetera
822 1231 1042 1287 miscens,
1077 1230 1290 1275 meminit
1322 1230 1394 1274 his
1426 1230 1608 1274 verbis:
1649 1231 1813 1285 „Unde
1846 1232 1922 1288 qui
1951 1232 2164 1289 faucibus
2196 1233 2292 1276 eius
2324 1233 2638 1289 exprimendis

165 1303 503 1359 'palaestricam
533 1305 775 1348 ewercent?
858 1305 984 1348 Unde
1023 1305 1099 1361 qui
1139 1304 1305 1347 armate?
1331 1303 1562 1359 palatium
1595 1303 1859 1359 irrumpunt
1893 1328 1949 1334 —
1984 1303 2312 1348 interfectores
2344 1304 2458 1348 dicit
2490 1304 2638 1349 Perti-

175 1376 309 1417 nacis
341 1401 400 1405 —
433 1377 641 1418 omnibus
672 1381 737 1419 tot
770 1377 962 1433 Sigeriis
994 1382 1124 1431 atque
1158 1376 1420 1418 Partheniis
1458 1376 1796 1417 audaciora-em.
1868 1375 2032 1418 Plures
2070 1376 2214 1418 etiam
2247 1390 2391 1431 quam
2428 1377 2636 1419 undetri-

174 1447 307 1502 ginta
341 1451 587 1492 senatores
605 1447 901 1504 Spartianus,
936 1448 1015 1504 qui
1039 1461 1199 1492 eorum
1232 1447 1422 1491 nomina
1455 1446 1712 1491 memoriae
1735 1447 1954 1502 prodidit,
1987 1447 2067 1492 illo
2090 1451 2302 1504 tempore
2325 1449 2506 1493 occisos
2528 1463 2634 1493 esse

176 1519 354 1573 scribit,
385 1532 528 1575 quem
551 1519 873 1575 quadraginta
896 1532 1038 1563 unum
1063 1519 1397 1573 nominantem,
1438 1508 1794 1562 tamen'minus
1832 1522 2059 1564 accurate
2098 1519 2343 1576 scripsisse
2376 1520 2467 1564 viri
2507 1520 2633 1565 docti

176 1595 376 1634 censent
394 1592 425 1634 5.
503 1591 758 1648 Utcunque
800 1604 877 1635 res
910 1594 994 1647 est,
1043 1595 1172 1634 certe
1205 1591 1446 1646 ingentem
1482 1595 1690 1645 stragem
1723 1591 1837 1634 fecit
1868 1591 2095 1635 nobilium
2128 1591 2458 1648 Romanorum,
2508 1605 2635 1649 quae

175 1664 324 1705 multo
358 1664 598 1705 crudelior
629 1665 730 1715 fnit,
764 1676 906 1719 quam
938 1664 1111 1705 caedes
1143 1675 1267 1705 anno
1304 1664 1389 1705 194
1420 1664 1467 1704 in
1501 1662 1639 1718 Syria
1671 1665 1843 1706 factae.

320 1736 426 1777 Hae
459 1747 606 1777 neces
639 1740 686 1777 et
719 1737 854 1790 quasi
887 1736 1254 1790 proscriptiones
1302 1747 1466 1777 omnes
1513 1747 1638 1777 anno
1675 1737 1756 1778 197
1808 1737 1966 1778 factae
2014 1740 2136 1791 sunt,
2186 1748 2363 1791 easque
2395 1749 2543 1779 verno
2585 1741 2633 1780 et

175 1808 361 1850 aestivo
399 1811 615 1864 tempore
647 1811 945 1864 perpetratas
978 1818 1082 1850 esse
1115 1819 1177 1850 ex
1209 1819 1264 1850 eo
1299 1808 1549 1863 colligitur,
1605 1808 1730 1863 quod
1762 1810 1988 1852 autumno
2021 1808 2232 1852 eiusdem
2275 1809 2388 1852 anni
2426 1808 2633 1853 Severus

175 1890 286 1922 cum
319 1880 538 1923 exercitu
570 1880 619 1922 in
651 1879 878 1923 orientem
910 1879 1152 1936 profectus
1185 1883 1270 1936 est,
1304 1882 1355 1923 ut
1386 1881 1617 1936 sanguine
1640 1880 1816 1924 civium
1848 1880 2027 1936 largius
2060 1881 2220 1937 effus0,
2254 1881 2376 1925 sicut
2408 1881 2522 1925 dicit
2538 1881 2631 1926 He-

175 1953 417 2006 rodianus,
451 1953 647 1994 tandem
681 1953 823 1994 etiam
855 1953 1013 1994 hostes
1046 1955 1270 1994 externos
1302 1953 1605 1995 debellaretss.

316 2023 443 2065 Navi
475 2024 705 2080 appulsus
738 2024 999 2065 exercitum
1033 2024 1192 2065 statim
1217 2024 1448 2066 orientem
1481 2036 1650 2066 versus
1682 2027 1849 2066 contra
1881 2024 2041 2066 hostes
2072 2024 2220 2079 duxit,
2254 2024 2448 2067 Nisiben
2482 2038 2626 2082 quam

171 2096 339 2138 urbem
371 2096 538 2138 Parthi
571 2097 737 2138 eodem
785 2099 997 2151 tempore
1031 2096 1327 2150 obsidebant,
1361 2097 1580 2151 pervenit
1613 2096 1906 2150 Parthosque
1953 2097 2140 2151 repulit.
2204 2097 2355 2139 Huius
2394 2098 2628 2140 victoriae

170 2180 297 2209 anno
334 2168 418 2210 197
454 2171 728 2222 reportatae
761 2168 1075 2210 certissimum
1100 2165 1427 2210 'testimonium
1459 2168 1704 2221 habemus,
1739 2169 1863 2222 quod
1886 2167 2092 2210 Severus
2114 2169 2186 2210 bis
2219 2169 2267 2211 in
2301 2170 2467 2212 eodem
2500 2183 2627 2212 anno

168 2239 432 2294 imperatOr
463 2240 734 2293 appellatus
767 2244 850 2292 est,
884 2253 1059 2282 nonum
1094 2244 1199 2294 post
1231 2241 1464 2294 praelium
1482 2240 1814 2294 Lugdunense,
1849 2241 2084 2282 decimum
2117 2241 2259 2283 victis
2299 2242 2465 2284 eodem
2498 2256 2626 2284 anno

168 2310 372 2354 Parthis.
925 2324 926 2327 ¹

311 2382 482 2438 Itaque
535 2382 746 2425 hostibus
793 2383 1037 2426 summotis
1068 2384 1117 2426 in
1154 2384 1336 2441 Syriam
1386 2384 1549 2427 rediit⁷
1584 2387 1635 2426 ut
1668 2396 1718 2427 se
1751 2386 1945 2440 pararet
1985 2395 2044 2426 ac
2076 2384 2253 2427 bellum
2286 2384 2473 2428 Parthis
2520 2398 2627 2442 pro-

166 2456 295 2496 ximo
328 2468 457 2496 anno
490 2455 699 2496 inferret.
762 2455 892 2496 Inter
923 2455 1044 2497 haec
1077 2459 1238 2497 autem
1270 2455 1650 2497 Perscennianas
1696 2456 1942 2509 relliquias
1974 2457 2223 2497 Plautiano
2269 2461 2433 2498 autore
2467 2470 2625 2512 perse-

165 2528 416 2582 quebatur.
461 2527 653 2582 Aliquot
685 2526 810 2569 enim
833 2526 1173 2570 Perscenniani
1207 2540 1332 2570 anno
1359 2528 1443 2570 194
1465 2533 1548 2570 aut
1580 2528 1796 2570 latitasse
1829 2531 1911 2570 aut
1944 2540 2004 2570 ex
2037 2528 2138 2570 eius
2169 2529 2389 2571 manibus
2412 2530 2624 2573 evasisse

163 2599 403 2655 videntur,
453 2611 571 2655 quos
605 2610 713 2643 cum
747 2598 817 2654 iis,
868 2599 1041 2656 quibus
1089 2599 1190 2642 sive
1240 2600 1494 2643 clementia
1533 2600 1635 2643 sive
1673 2599 1926 2656 prudentia
1963 2600 2133 2645 ductus
2165 2604 2460 2657 pepercerat,
2509 2605 2626 2646 tunc

163 2672 481 2728 deprehendit
514 2675 561 2715 et
593 2672 841 2715 interfecit.
1013 2678 1015 2680 ’

310 2840 322 2864 ¹
350 2841 430 2875 Iul.
459 2840 617 2887 Capit.
650 2840 814 2876 Clodius
841 2841 929 2877 Alb.
958 2852 989 2876 c.
1017 2842 1050 2876 5.

304 2899 321 2922 ²
347 2900 512 2946 Spart.
543 2899 634 2934 SeV.
664 2902 718 2934 10.

305 2960 320 2982 ³
346 2960 507 3005 Spart.
537 2959 629 2994 Sev.
657 2972 688 2994 c.
717 2961 749 3009 9,
776 2962 808 2995 3.
861 2962 950 2995 Dio
978 2961 1107 2996 Cass.
1136 2962 1192 3005 74,
1220 2964 1242 2995 8
1270 2968 1309 2996 et
1335 2962 1368 2995 9.

302 3018 317 3042 ⁴
343 3019 508 3054 Fuchs
528 3006 629 3065 pag.
661 3020 717 3054 70.

303 3080 319 3103 ⁵
345 3080 477 3116 Tei-t.
505 3078 622 3126 Apol.
648 3092 679 3115 c.
707 3080 763 3116 35.

303 3138 319 3160 ⁶
343 3138 522 3175 Herod.
550 3138 667 3175 1119.

303 3199 318 3222 ⁷
343 3200 501 3246 Spart.
529 3200 622 3234 Sev.
644 3201 699 3243 15,
727 3202 760 3233 3.
806 3201 964 3235 Fuchs
989 3202 1012 3234 l.
1033 3202 1054 3235 l.
1083 3212 1177 3247 pag.
1199 3203 1309 3236 7912:
1337 3205 1448 3235 recte
1475 3203 1652 3244 monuit,
1669 3202 1775 3235 inter
1801 3202 1972 3246 primam
2000 3205 2040 3234 et
2066 3201 2288 3234 secundam
2315 3201 2620 3246 expeditionem

160 3263 360 3297 adversus
386 3262 561 3297 Parthos
589 3266 751 3306 tempus
778 3262 943 3306 aliquod
970 3263 1258 3305 intercessisse,
1287 3274 1368 3307 quo
1398 3262 1577 3297 Severus
1602 3272 1731 3296 naves
1757 3261 1991 3296 aedificavit
2017 3261 2178 3305 aliaque
2205 3262 2257 3296 ad
2284 3261 2432 3296 bellum
2458 3261 2623 3296 Parthis

161 3320 297 3359 denuo
324 3319 585 3359 inferendum
613 3320 787 3367 paravit.
839 3319 900 3359 De
927 3319 1218 3366 (mulonem,
1251 3321 1383 3359 virum
1412 3320 1711 3358 ornatissimum
1742 3318 1783 3358 id
1810 3318 1967 3367 effugit.
2019 3317 2099 3359 Cfr.
2126 3331 2220 3368 pag.
2249 3319 2319 3358 115
2344 3331 2454 3368 seqq.
