2826 3982
1407 307 1435 349 9

338 439 473 495 Quae
498 452 643 496 quum
673 440 740 484 ita
762 440 869 495 sint,
899 439 1075 483 librum
1105 439 1310 495 primurn
1342 438 1405 482 ad
1435 438 1664 493 nationes,
1698 438 1745 482 in
1779 452 1870 494 quo
1904 439 1991 483 iste
2024 439 2156 483 locus
2189 438 2447 493 invenitur,
2485 439 2646 494 paullo

192 516 299 568 post
330 512 562 568 praelium
593 512 911 566 Lugdunense
943 512 1171 566 scriptum
1202 523 1306 553 esse
1338 511 1539 566 opinor.·
1560 510 1688 554 Dicit
1721 511 1847 553 enim
1879 511 2199 554 Tertullianus
2211 523 2229 553 :-
2255 511 2475 553 Galliae
2508 512 2587 553 Rh
2602 526 2646 552 o·

191 586 334 630 dano
366 598 459 628 suo
492 598 596 627 non
627 585 834 637 lavant,
867 582 993 638 quod
1023 582 1090 626 ita
1121 582 1426 638 interpretor:
1460 594 1671 638 campus,
1706 582 1786 626 ubi
1818 583 2052 639 praelium
2084 582 2201 626 illud
2230 581 2536 626 commissum
2559 586 2644 636 est.

193 655 411 702 Rhodani
448 654 585 698 undis
611 654 825 718 ,nondum
857 656 928 696 est
959 657 1189 710 purgatus
1223 656 1286 696 et.
1306 654 1573 710 mundatus,
1622 655 1699 696 id¹⁷
1718 655 1843 711 quod
1890 654 2137 697 commode
2183 654 2288 703 fieri
2336 654 2488 711 potuit
2533 657 2648 695 tem-

193 741 309 783 pore
353 740 521 780 verno,
569 728 762 781 quando
806 727 938 767 fluvii
985 727 1121 779 aquis
1168 728 1346 779 largius
1393 739 1454 767 ex
1502 729 1739 768 montibus
1786 729 2220 782 prorumpentibus,
2262 728 2490 778 terminos
2538 739 2647 767 suos

194 799 465 852 transgredi
496 799 662 841 solent.

339 869 424 912 His
446 869 627 912 caussis
659 869 883 922 adducor,
917 872 968 911 ut
999 868 1144 911 libros
1166 868 1228 910 ad
1250 868 1465 916 nationes
1487 833 1668 911 aestate
1702 869 1815 911 anni
1844 869 1925 911 197
1953 870 2239 923 compositos
2274 882 2379 912 esse
2409 881 2647 911 censeam

194 940 331 995 Quae
363 951 479 984 vero
511 939 743 984 adversus
781 939 908 983 hanc
955 938 1239 983 sententiam
1271 938 1622 995 proferuntur1,.
1660 939 1832 982 nullius
1880 940 2104 983 momenti
2153 940 2306 984 habeo
2348 942 2493 997 atque
2527 939 2650 983 refu-

192 1016 299 1056 tare
332 1023 386 1054 eo
420 1012 606 1054 facilius
637 1011 716 1055 hic
747 1011 1047 1067 supersedeo,
1080 1023 1225 1066 quum
1246 1011 1319 1053 -ab
1352 1011 1482 1053 aliis¹
1531 1011 1626 1052 iam
1658 1011 1772 1052 satis
1804 1011 2011 1053 refutata
2044 1012 2297 1054 videantur
2330 1016 2376 1067 et
2409 1012 2479 1065 iis,
2517 1023 2642 1066 quae

192 1096 340 1139 supra
372 1084 500 1127 dicta
533 1087 654 1138 sunt,
688 1084 856 1127 obtusa
889 1095 993 1126 esse
1026 1086 1204 1138 putem.
1238 1090 1241 1094 '

1160 1324 1216 1367 2.·
1235 1325 1678 1384 Ap'ologeticum.

340 1446 381 1487 A
413 1445 545 1487 libris
577 1445 809 1487 adversus
840 1445 1056 1487 nationes
1104 1444 1384 1499 conscriptis
1430 1444 1493 1486 ad
1534 1444 1714 1486 *librum
1762 1445 2111 1499 apologeticum
2159 1444 2468 1499 progrediens
2516 1445 2645 1486 haud

194 1516 434 1559 dissimilis
456 1519 630 1559 nautae
661 1516 829 1559 ,videor
861 1528 979 1571 esse,
1010 1516 1093 1571 qui
1125 1521 1389 1572 postquam,
1424 1516 1549 1558 intra
1581 1516 1786 1558 fluminis
1823 1516 1953 1571 ripas
1986 1527 2161 1558 navem
2194 1527 2329 1558 suam
2361 1516 2648 1570 gubernans,

196 1590 278 1631 ubi
325 1589 607 1632 deflectendi
655 1601 684 1631 a
727 1592 858 1631 recto
906 1600 1047 1631 cursu
1086 1588 1350 1644 periculum
1397 1600 1491 1630 non
1538 1592 1623 1642 est,
1672 1587 1772 1629 sine
1821 1587 1987 1630 timore
2037 1592 2083 1630 et
2131 1588 2302 1630 sudore
2343 1588 2403 1630 ad
2445 1588 2649 1630 fluminis

194 1661 366 1704 ostium
414 1673 505 1716 quo
553 1660 780 1703 tendebat
826 1660 1059 1716 pervenit,
1108 1660 1273 1703 relicto
1321 1659 1514 1702 tandem
1562 1659 1753 1701 flumine
1802 1659 1850 1701 in
1896 1671 2130 1702 oceanum
2170 1664 2375 1714 vastum,
2427 1659 2649 1702 fluctibus

194 1736 494 1775 aestuantem
541 1736 588 1775 et
628 1733 848 1787 procellis
891 1733 1123 1787 agitatum
1170 1732 1401 1777 evehitur.
1474 1731 1596 1772 Nam
1643 1731 1778 1785 quasi
1826 1732 1985 1786 pelagi
2031 1732 2242 1773 aestibus
2290 1736 2337 1772 et
2379 1732 2646 1773 turbinibus

195 1804 410 1847 obiectus
443 1807 527 1859 est,
576 1804 656 1859 qui
688 1807 918 1859 quantum
949 1804 1163 1846 homines
1191 1803 1370 1850 eruditi
1396 1802 1457 1844 de
1489 1805 1715 1858 tempore,
1764 1815 1856 1858 quo
1895 1802 1973 1844 hic
1996 1802 2132 1844 -liber
2165 1802 2368 1857 scriptus
2402 1802 2475 1856 sit,
2525 1802 2649 1844 inter

196 1888 248 1918 se
284 1877 569 1931 discrepent,
601 1888 765 1917 secum
797 1880 1002 1931 reputat.
2129 1912 2132 1915 ,

341 1949 433 1991 Sed
465 1962 559 1990 non
591 1952 675 2001 est,
725 1961 810 1990 cur
857 1951 1176 2004 desperemus.
1239 1950 1360 1989 Nam
1405 1949 1446 1989 si
1479 1949 1570 1989 viri
1599 1949 1743 1988 vdocti
1791 1948 1976 2001 pristini
2024 1949 2250 2002 temporis
2299 1949 2358 1989 de
2391 1949 2483 1989 hac
2516 1960 2567 1988 re
2601 1949 2648 1988 in

195 2021 340 2062 valde
383 2021 603 2061 diversas
650 2022 893 2074 opiniones
940 2022 1264 2073 discedebant,
1312 2033 1409 2062 non
1453 2021 1661 2073 ipsorum
1709 2020 1877 2060 vitium
1925 2024 2042 2074 erat,
2091 2021 2175 2061 sed
2221 2020 2331 2060 inde
2378 2020 2647 2069 eveniebat,

194 2093 321 2147 quod
352 2092 550 2134 historia
581 2091 829 2134 Severiani
867 2093 1092 2146 temporis
1123 2106 1222 2134 non
1250 2092 1365 2134 satis
1397 2092 1590 2145 cognita
1623 2095 1669 2135 et
1703 2092 1952 2145 explorata
1999 2095 2113 2133 tunc
2146 2095 2263 2133 erat.
2326 2091 2421 2133 Nos
2453 2092 2646 2133 meliore

195 2165 371 2206 utimur
417 2164 697 2216 conditione,
746 2164 969 2217 quoniam
1015 2164 1210 2205 historia
1257 2164 1381 2205 illius
1429 2163 1654 2217 temporis
1694 2152 1965 2205 accuratius
2004 2175 2207 2204 excussa
2246 2163 2509 2216 meliusque
2547 2163 2642 2205 iam

194 2235 436 2290 descripta
469 2238 553 2288 est,
587 2238 730 2289 atque
762 2248 838 2277 res
859 2236 1024 2288 gestae
1042 2233 1206 2277 Severi
1240 2236 1287 2277 et
1308 2234 1512 2277 filiorum
1542 2234 1657 2287 eius,
1691 2247 1949 2288 eorumque
1970 2234 2165 2286 natalia,
2199 2234 2447 2286 victoriae,
2471 2234 2643 2277 itinera

195 2308 245 2350 in
267 2307 531 2351 clarissima
553 2307 659 2350 luce
682 2307 915 2350 collocata
943 2309 990 2350 et
1013 2306 1171 2361 quoad
1201 2309 1416 2362 tempora
1448 2306 1614 2350 ferreis
1637 2306 1774 2362 quasi
1795 2305 2070 2350 vinculiset
2092 2306 2248 2351 clavis
2271 2306 2497 2351 devincta
2519 2310 2643 2349 sunt.

340 2379 558 2435 Tempus,
592 2393 683 2434 quo
717 2379 1035 2437 Tertullianus
1067 2378 1241 2423 librum
1273 2379 1622 2434 apologeticum
1655 2379 1948 2434 conscripsit,
1991 2392 2160 2421 eruere
2192 2379 2474 2421 facillimum
2508 2384 2650 2431 esset,

193 2454 234 2494 si
282 2453 507 2494 traditum
555 2454 692 2504 esset,
740 2464 832 2505 quo
874 2464 999 2493 anno
1038 2449 1243 2493 Severus
1290 2452 1421 2504 leges
1468 2451 1641 2505 Papias
1679 2451 1931 2506 Poppaeas.
1975 2452 2269 2506 abrogasset.
2341 2451 2464 2493 Nam
2511 2452 2647 2494 abro-

193 2524 319 2579 gatis
351 2524 407 2566 iis
440 2536 547 2566 eum
580 2523 717 2567 illico
743 2523 925 2565 librum·
954 2523 1302 2577 apologeticum
1340 2522 1556 2577 edidisse,
1576 2552 1579 2556 -
1596 2523 1718 2566 haec
1750 2524 1916 2566 verba.
1936 2523 2129 2567 docent:
2179 2525 2341 2566 Nonne
2374 2525 2646 2566 vanissimas·

196 2597 372 2652 Papias
403 2596 519 2652 leyes
550 2596 647 2637 heri
680 2595 872 2637 Severus
918 2595 1309 2650 constantissimus
1340 2596 1608 2650 principum
1648 2596 1871 2638 conclusit?
1924 2595 2060 2649 Apol.
2093 2607 2135 2637 c.
2168 2596 2211 2637 4.
2277 2595 2368 2638 Sed
2400 2595 2646 2637 invidente

195 2667 406 2711 Fortuna
437 2667 485 2710 id
510 2670 703 2722 tempus
735 2666 870 2710 nobis
903 2665 1094 2710 aliunde
1126 2679 1222 2709 non
1241 2666 1469 2712 innotuit.
1786 2698 1791 2707 .
1963 2704 1966 2707 .
2003 2705 2005 2707 ,

340 2739 541 2782 Exstant
572 2741 733 2781 autem
764 2737 847 2781 alii
866 2738 962 2780 loci-
981 2737 1092 2783 huic
1116 2738 1429 2794 disquisitioni
1452 2739 1816 2794 chronologicae
1839 2745 2072 2795 perquam
2095 2740 2336 2782 fructuosi.
2385 2739 2425 2782 E
2445 2749 2646 2795 quorum

195 2825 392 2857 numero
424 2812 603 2867 primus
635 2812 714 2854 ille
747 2811 999 2866 diligenter
1039 2811 1362 2855 discutiendus
1403 2812 1506 2867 erit,
1555 2812 1636 2867 qui
1684 2815 1755 2854 est
1788 2812 1846 2854 de
1879 2812 2211 2867 persecutione
2243 2812 2322 2854 illo
2355 2816 2566 2867 tempore
2599 2812 2648 2854 in

195 2885 489 2931 Christianos
536 2887 682 2927 mota.¹
740 2883 814 2927 Ex
860 2883 921 2926 iis
964 2883 1104 2938 enim,
1154 2896 1278 2938 quae
1305 2884 1632 2937 Tertullianus
1664 2884 1758 2940 Ap.
1787 2896 1895 2940 cap.
1924 2884 1986 2926 44
2019 2886 2066 2927 et
2098 2884 2157 2927 50
2188 2885 2380 2940 profert,
2415 2888 2646 2939 apparet,

195 2957 465 3013 praesidem
497 2956 689 2999 Africae
723 2955 1014 2999 Christianos
1046 2955 1259 3010 proxime
1292 2968 1511 2999 vexasse.
1555 2955 1813 3010 Quaeritur
1845 2968 1972 3010 ergo,
2006 2959 2164 2998 utrum
2198 2956 2402 2998 Severus
2435 2956 2645 2998 edictum

340 3172 353 3198 ¹
395 3174 495 3211 Vide
522 3173 786 3211 Groteme3
798 3185 864 3218 er
905 3172 1039 3210 Ueber
1075 3172 1350 3210 Tertullianus
1388 3171 1531 3210 Leben
1570 3172 1657 3209 und
1696 3171 1911 3209 Schriften.
1962 3171 2031 3208 Mit
2072 3172 2203 3208 61116111
2241 3171 2397 3207 Excurs
2436 3171 2540 3208 iiber
2582 3172 2649 3209 die

194 3233 346 3271 Schrift
386 3235 439 3270 ad
477 3236 674 3271 nationes.
735 3234 919 3280 Kempen
959 3233 1052 3269 1863
1090 3243 1128 3269 11.
1157 3233 1259 3269 1865.
1320 3233 1425 3269 Zwei
1461 3232 1526 3282 G3
1529 3233 1974 3279 mnasialprogramme.
2032 3231 2197 3267 Autoris
2238 3232 2482 3267 sententiam
2522 3232 2648 3270 libros

194 3295 249 3331 ad
282 3296 469 3331 nationes
498 3295 550 3330 ad
583 3305 712 3331 annos
738 3292 929 3330 204-208
961 3290 1216 3330 amandantis
1243 3286 1407 3330 refutax
1410 3298 1530 3330 erunt
1565 3292 1857 3328 Bonwetsch
1891 3302 1985 3338 pag.
2018 3291 2063 3326 19
2090 3301 2198 3336 seqq.
2235 3295 2273 3350 et
2307 3290 2650 3327 Noeldechen

194 3368 290 3403 pag.
317 3356 470 3391 25-29.
2332 3389 2335 3393 ,

2334 3411 2357 3437 4)
