2826 3982
1366 228 1420 270 16

150 360 406 416 implorare
446 372 642 403 necesse
676 362 761 403 est.
826 359 1146 403 Tertullianus
1179 360 1304 403 enim
1337 360 1385 402 in
1418 360 1577 416 capite
1610 361 1748 404 tertio
1796 373 1942 416 quum
1980 360 2044 403 vde
2082 358 2188 403 aliis
2219 358 2357 402 malis
2389 362 2613 413 naturae,

150 444 275 488 quae
298 444 383 488 pro
406 431 631 488 prodigiis
654 434 701 474 et
724 432 956 488 portentis
977 431 1136 486 habet,
1167 434 1267 475 tum
1292 431 1350 475 de
1375 431 1581 487 deliquio
1611 432 1721 476 solis
1744 432 1903 489 paullo
1931 434 2043 477 ante
2072 432 2199 476 facto
2232 430 2451 487 loquitur,
2482 430 2608 486 quod

150 505 338 560 signum
383 504 672 549 imminentis
720 504 820 548 irae
859 504 950 549 Dei
997 516 1100 549 esse
1148 507 1297 559 putat.
1366 504 1455 560 „Et
1501 505 1569 549 sol
1600 505 1690 560 ille,
1739 504 1903 560 inquit,
1952 506 2001 548 in
2040 510 2258 550 conventu
2288 504 2496 559 ,Uticensi
2528 518 2603 548 εω-

149 578 287 620 tincto
312 590 462 634 paene
495 576 680 631 lumine,
720 577 833 620 adeo
859 581 1123 634 portentum
1166 577 1275 634 fuit,
1324 581 1374 620 ut
1424 592 1512 620 non
1553 577 1757 634 potuerit
1789 575 1861 621 eoe'
1880 577 2116 621 ordinario
2149 577 2345 635 deliquio
2388 576 2468 621 hoc.
2497 577 2615 634 pati,
2672 582 2678 587 “

150 650 323 705 positus
357 650 405 692 ἱη
436 663 518 692 suo
551 649 815 708 hypsomate
847 654 897 693 ut
931 647 1199 693 domic-diost
1863 706 1865 708 ι

296 721 618 765 Tertullianus
649 721 741 766 hoc
773 722 876 765 loco
908 724 1073 778 aperte
1105 720 1313 777 loquitur
1360 720 1420 765 de
1453 721 1718 766 defectione
1770 720 1880 764 solis
1913 733 2061 777 prope
2093 721 2313 777 perfecta
2345 724 2393 766 et
2425 721 2484 766 de
2518 721 2617 777 tali,

150 806 296 849 quam
328 806 414 849 pro
448 807 542 836 non
575 794 814 837 ordinaria
846 793 1026 848 habuit,
1060 793 1173 849 quia
1207 794 1276 836 sol
1307 794 1357 836 in
1390 806 1474 837 suo
1512 792 1849 851 „hypsomate“
1887 793 2169 836 obscuratus
2201 796 2286 837 est.
2351 792 2487 848 Quae
2519 805 2616 838 vox

150 868 262 909 ante
296 866 456 909 omnia
489 870 619 909 recte
652 865 1009 921 interpretanda
1043 868 1127 919 est,
1162 877 1256 908 non
1285 877 1400 908 vero
1434 864 1746 921 neglegenda,
1784 863 1922 908 sicuti
1946 863 2140 921 quidam
2171 866 2391 910 recentes
2422 867 2613 911 autores

151 939 384 981 fecerunt.
434 938 599 981 Sidera
622 938 747 981 enim
770 938 818 979 in
840 937 1122 993 hypsomate
1147 950 1250 980 esse
1284 938 1520 988 dicuntur,
1554 937 1745 993 quando
1781 949 2016 980 summum
2048 937 2218 993 locum,
2252 949 2394 993 quem
2426 938 2617 994 assequi

151 1017 362 1066 possunt,
396 1010 848 1066 transgrediuntur1,
894 1009 1019 1065 quod
1058 1010 1127 1051 sol
1159 1009 1507 1065 quodammodo
1541 1010 1719 1066 patitur
1757 1009 1884 1053 omni
1917 1009 2007 1064 die,
2055 1021 2202 1066 quum
2233 1009 2429 1053 meridie
2463 1009 2616 1055 circu-

151 1084 250 1125 lum
288 1083 602 1125 meridianum
641 1082 1001 1135 transgreditur,
1042 1082 1289 1124 verissime
1339 1086 1499 1125 autem
1547 1087 1759 1137 tempore
1807 1082 1992 1134 solstitii
2029 1082 2202 1125 aestivi
2234 1082 2407 1125 dicitur
2454 1082 2524 1125 sol
2563 1082 2616 1124 in

155 1169 256 1198 suo.
272 1154 552 1211 hypsomate
586 1166 703 1196 esse.
767 1153 835 1195 Eo
868 1153 994 1196 enim
1028 1159 1241 1208 tempore
1273 1155 1555 1208 praesertim
1588 1154 1636 1197 in
1668 1153 1940 1208 regionibus
1971 1154 2261 1197 australibus
2294 1166 2403 1197 eum
2435 1154 2606 1209 locum,

152 1240 294 1282 quem
326 1240 410 1268 nos
444 1238 671 1268 vocamus
702 1225 875 1279 zenith,
909 1229 1107 1279 tangere
1141 1226 1344 1268 videtur.
2408 1284 2412 1287 ἢ

296 1299 383 1340 Illa
416 1310 528 1352 ergo
562 1297 752 1352 eclipsis
785 1297 908 1351 solis,
943 1297 1001 1340 de
1035 1310 1129 1352 qua
1148 1297 1468 1340 Tertullianus
1500 1298 1561 1340 ad
1595 1298 1733 1353 Scap.
1768 1312 1809 1341 c.
1843 1299 1871 1340 3
1913 1298 2121 1353 loquitur
2152 1311 2299 1353 quum
2331 1298 2439 1342 talis
2471 1302 2609 1353 esset,

152 1375 203 1413 ut
227 1372 384 1413 lumen
409 1370 519 1412 solis
541 1382 695 1425 paene
718 1370 1090 1423 extingueretur,
1110 1370 1252 1412 valde
1276 1382 1501 1423 magnam
1524 1371 1603 1412 vel
1626 1383 1780 1424 paene
1810 1370 2075 1426 perfectam
2094 1370 2237 1412 fuisse
2255 1374 2457 1426 apparet
2480 1375 2526 1425 et
2548 1371 2617 1412 in·

151 1454 293 1498 super
315 1455 369 1485 eo
393 1446 607 1497 tempore
630 1441 818 1494 accidit,
851 1454 943 1496 quo
967 1441 1035 1484 sol
1058 1441 1251 1484 culmini
1276 1441 1358 1484 vel
1389 1441 1648 1484 summitati
1672 1441 1793 1484 coeli
1817 1454 1962 1497 quam
1995 1442 2239 1497 proximus
2271 1441 2372 1495 fuit,
2406 1443 2530 1497 quod
2563 1443 2616 1484 fit

152 1518 364 1570 tempore
398 1512 584 1556 solstitii
618 1512 791 1556 aestivi
824 1515 870 1558 et
910 1512 1049 1556 simul
1088 1515 1302 1567 tempore
1344 1512 1620 1556 meridiano,
1684 1511 1844 1566 Quare
1892 1513 2025 1556 nulla
2072 1513 2168 1556 alia
2206 1512 2397 1568 eclipsis
2429 1501 2615 1556 admitti

151 1588 320 1642 potest,
369 1596 493 1641 quae
543 1587 625 1628 aut
658 1595 813 1641 parva
846 1583 933 1628 fuit
965 1587 1047 1628 aut
1095 1583 1188 1628 alio
1235 1586 1378 1640 atque
1427 1583 1689 1628 meridiano
1738 1587 1950 1641 tempore
1999 1584 2189 1629 accidit.
2253 1583 2389 1639 Quae
2422 1585 2614 1641 quidem

150 1657 328 1701 indicia
360 1657 538 1713 optime
573 1659 841 1712 congruunt
872 1656 922 1700 in
955 1668 1062 1700 eam
1096 1656 1309 1713 eclipsin,
1359 1669 1502 1713 quam
1551 1656 1808 1701 astronomi
1856 1655 1931 1701 die
1966 1655 2106 1702 tertia
2138 1657 2314 1702 mensis
2347 1657 2468 1702 Iunii
2500 1658 2615 1702 anni

154 1730 235 1773 197
272 1731 452 1773 factam
485 1741 590 1773 esse
624 1731 858 1773 asserunt.
1709 1785 1713 1788 1
2217 1783 2219 1785 ¹

298 1801 645 1845 Tertullianum
677 1813 765 1858 per
797 1801 908 1845 solis
940 1800 1174 1859 hypsoma
1208 1801 1325 1844 nihil
1357 1801 1485 1845 aliud
1518 1801 1730 1846 indicare
1754 1802 1961 1846 voluisse
1989 1802 2079 1846 nisi
2116 1802 2440 1859 „altitudinem
2472 1804 2614 1850 verti-

154 1876 309 1918 calem
349 1875 460 1918 solis
499 1875 601 1931 ipso
640 1874 838 1917 meridie
871 1874 1221 1930 culminantis“,
1261 1875 1383 1917 bene
1422 1875 1518 1918 iam
1565 1875 1684 1918 vidit
1723 1874 2018 1920 Ruinartus2.
2083 1874 2262 1930 Quodsi
2293 1875 2614 1921 Tertullianus

153 1959 356 2001 negasse
391 1947 595 2001 videtur,
629 1959 685 1989 eo
718 1949 931 2002 tempore
955 1947 1213 2002 deliquium
1236 1948 1520 1990 naturaliter
1552 1947 1653 1990 fieri
1686 1947 1908 2002 potuisse,
1942 1947 1989 1990 in
2023 1959 2078 1990 eo
2101 1948 2396 2004 populariter
2417 1949 2612 2005 erravit,

154 2019 363 2075 impune,
398 2022 449 2061 ut
480 2019 529 2061 in
562 2022 665 2061 arte
698 2019 856 2061 aliena
889 2032 918 2060 a
951 2020 1117 2061 studiis
1166 2022 1213 2061 et
1260 2019 1550 2073 professione
1599 2032 1698 2061 sua.
1761 2019 2007 2074 Hypsoma
2054 2022 2215 2062 autem
2254 2033 2284 2063 a
2321 2019 2613 2064 Tertulliano

153 2090 339 2134 definiri
373 2091 509 2145 quasi
558 2092 835 2133 domicilium
883 2092 1004 2144 solis,
1052 2103 1208 2145 neque
1258 2094 1329 2132 est
1377 2091 1547 2132 mirum
1595 2103 1750 2145 neque
1799 2090 2008 2133 alienum
2055 2091 2117 2133 ab
2167 2091 2341 2134 usitata
2388 2093 2613 2148 loquendi

154 2162 338 2205 ratione
385 2175 540 2217 neque
589 2175 706 2217 opus
739 2166 810 2204 est
843 2161 904 2204 ad
937 2162 1057 2204 alias
1090 2162 1506 2216 interpretationes
1545 2162 1813 2205 subtiliores
1860 2162 2120 2216 confugere
2169 2164 2294 2218 quod
2342 2163 2373 2205 ii
2414 2164 2610 2218 faciunt,

151 2234 232 2290 qui
273 2233 561 2277 domicilium
594 2234 705 2277 solis
736 2234 975 2277 Arietem-‘³
1008 2234 1086 2283 vel
1119 2233 1367 2287 Leonem&
1417 2226 1660 2277 notissima
1700 2234 1836 2288 signa
1876 2234 2071 2288 zodiaci,
2121 2224 2396 2289 significare
2428 2237 2609 2279 volunt.

152 2305 287 2360 Quae
320 2304 563 2362 opiniones
596 2308 705 2349 sunt
737 2306 895 2349 futiles
928 2306 1155 2360 nullaque
1188 2305 1372 2349 ratione
1406 2306 1568 2349 fultae.

293 2377 398 2433 Sed,
433 2381 484 2421 ut
516 2390 661 2434 quam
695 2378 967 2422 cautissime
1000 2377 1375 2434 progrediamur,
1410 2377 1600 2421 tabulas
1633 2380 1679 2421 et
1703 2378 2080 2435 computationes
2103 2372 2485 2424 astronomorum
2506 2375 2611 2438 per-

146 2451 400 2495 lustremus
433 2455 632 2507 oportet.
696 2450 832 2505 Quae
872 2451 1063 2506 quidem
1102 2463 1187 2494 sex
1226 2450 1453 2494 exhibent
1491 2449 1739 2493 Severiani
1780 2451 2010 2507 temporis
2059 2452 2263 2507 eclipses
2296 2453 2406 2497 solis
2438 2453 2609 2497 Uticae

145 2523 470 2579 conspicuas⁵,
504 2534 706 2579 quarum
738 2522 892 2579 prima
926 2522 1147 2567 undecim
1180 2521 1377 2578 digitos⁶
1409 2522 1522 2577 lata,
1556 2535 1680 2578 quae
1713 2522 1869 2567 lucem
1903 2522 1997 2567 diei
2031 2524 2240 2568 maxime
2273 2511 2609 2570 obtenebravit

146 2596 222 2639 die
254 2596 432 2640 mensis
464 2596 585 2639 Iunii
617 2596 731 2639 anni
767 2596 848 2639 197
884 2608 929 2650 p.
964 2594 1072 2639 Chr.
1107 2595 1266 2650 paullo
1300 2597 1405 2650 post
1438 2594 1699 2649 meridiem,
1733 2595 1924 2639 accidit.

291 2810 303 2835 ¹
331 2805 543 2855 P'assow,
584 2811 978 2853 Handwbrterbuch,
1018 2812 1161 2853 ὕψωμα
1189 2825 1232 2840 =
1268 2811 1393 2845 hoher
1433 2810 1562 2845 Stand
1603 2811 1683 2845 bes.
1725 2812 1798 2846 der
1838 2811 2037 2857 Gestirne,
2078 2796 2371 2860 interpretatur
2410 2818 2449 2850 et
2492 2815 2611 2851 affert

144 2872 278 2907 locum
306 2871 409 2908 Plut.
436 2882 536 2907 mor.
564 2871 634 2908 782
660 2871 754 2906 ὅταν
780 2872 925 2915 ὕψωμα
951 2871 1045 2916 λάβῃ
1081 2871 1261 2914 μέγιστον
1289 2872 1310 2906 ὁ
1337 2872 1453 2913 ἥλιος.

289 2931 305 2955 ‘2
331 2932 563 2976 Ruinart,
591 2930 693 2968 Acta
726 2937 963 2977 martyrum.
1020 2931 1091 2967 Ed.
1120 2931 1275 2967 Ratisb.
1305 2941 1341 2977 p.
1370 2930 1451 2966 167.

290 2992 304 3014 ³
330 2992 582 3028 Lalovera
608 2992 759 3028 ibidem
787 2992 898 3038 apud
925 2991 1181 3034 Ruinartum,
1210 3003 1245 3037 p.
1277 2990 1356 3026 167.

288 3052 304 3077 ⁴
329 3052 654 3089 Noeldechen
681 3052 703 3088 l.
730 3052 753 3087 l.
780 3064 817 3098 p.
848 3052 926 3087 101.
1330 3099 1332 3101 ¹
1512 3095 1514 3099 Ι

289 3112 304 3135 ⁵
329 3111 447 3150 L'art‘
469 3112 521 3151 de
547 3112 712 3149 verifier
738 3112 795 3149 les
822 3112 948 3149 dates.
1001 3109 1071 3148 Ed.
1101 3110 1226 3147 Paris.
1256 3110 1350 3147 1819
1377 3114 1402 3147 t.
1431 3109 1449 3146 1
1475 3110 1620 3158 depuis
1659 3111 1697 3147 la
1737 3113 1951 3149 naissance
1992 3107 2042 3150 de
2068 3114 2104 3150 J.
2133 3103 2232 3151 Chr.⁴
2250 3126 2287 3162 p.
2315 3115 2396 3160 218,
2437 3116 2611 3157 exhibet

144 3174 482 3220 computationes,
510 3183 613 3219 quas
640 3173 812 3208 instituit
840 3172 1025 3219 Pingre
1053 3171 1090 3208 S.
1118 3171 1147 3207 I.
1199 3171 1289 3207 Von
1316 3170 1582 3217 Oppolzer‚
1611 3170 1753 3208 canon
1780 3171 1853 3209 der
1880 3172 2160 3216 Finsternisse,
2188 3173 2438 3228 Wien'1887.

288 3232 304 3255 ⁶
329 3233 563 3269 Astronomi
594 3232 849 3268 latitudinem
877 3232 1094 3268 duodecim
1122 3232 1345 3278 digitorum
1373 3231 1446 3266 soli
1474 3231 1671 3268 tribuunt.
2369 3230 2371 3233 ’
