2826 3982
1335 243 1393 287 33

1190 840 1534 899 Epilogus.

281 1024 443 1067 Habes
476 1024 697 1078 denique,
738 1024 888 1067 lector
926 1022 1122 1078 erudite,
1164 1036 1235 1078 ea,
1284 1036 1408 1079 quae
1448 1024 1800 1079 quaestionibus
1833 1036 1863 1067 a
1896 1023 2011 1067 viris
2043 1024 2194 1067 doctis
2225 1036 2377 1080 nuper
2414 1026 2586 1067 habitis

136 1096 357 1139 addenda
388 1096 468 1138 vel
499 1095 548 1138 in
581 1095 637 1138 iis
670 1095 953 1149 corrigenda
990 1094 1105 1138 mihi
1138 1094 1440 1139 videbantur.
1505 1096 1550 1139 Si
1590 1097 1693 1151 quis
1731 1109 1857 1139 nunc
1891 1099 2105 1152 quaerat,
2140 1109 2226 1138 cur
2258 1098 2586 1151 supplementa

136 1168 468 1222 chronologiae
502 1166 852 1210 TertuUianeae
891 1167 1154 1210 scribentes
1192 1167 1373 1210 tamdiu
1405 1168 1453 1210 in
1484 1167 1557 1210 his
1590 1169 1697 1211 solis
1730 1172 1911 1223 septem
1943 1169 2075 1209 libris
2108 1167 2386 1210 Tertulliani
2419 1170 2586 1211 morati

136 1240 295 1294 simus,
317 1238 723 1295 respondebimus,
741 1238 871 1294 ‘quod
893 1238 955 1282 ad
977 1241 1193 1295 tempora
1222 1239 1363 1281 totius
1390 1239 1578 1294 generis
1601 1240 1766 1283 horum
1799 1241 2023 1282 librorum
2056 1240 2307 1295 pertineat,
2341 1244 2438 1281 tres
2470 1241 2587 1282 clas-

137 1323 212 1355 ses
244 1323 348 1355 esse
380 1311 751 1366 distinguendas,
784 1311 906 1354 sicut
937 1310 1167 1354 Harnack
1188 1312 1202 1336 ¹
1235 1311 1330 1353 iam
1363 1311 1543 1366 pridem
1579 1315 1708 1354 recte
1740 1313 1931 1353 monuit.
1975 1313 2046 1353 Ac
2078 1313 2281 1366 primam
2314 1312 2504 1366 quidem
2538 1313 2587 1353 li-

135 1384 327 1426 brorum
345 1383 622 1426 Tertulliani
645 1383 847 1426 classem
871 1395 973 1426 esse
998 1395 1174 1438 eorum,
1199 1383 1279 1438 qui
1302 1386 1484 1425 certum
1507 1383 1696 1438 aliquod
1719 1384 1969 1437 vestigium
1991 1384 2117 1438 anni,
2151 1396 2243 1438 quo
2266 1384 2431 1439 scripti
2465 1389 2586 1437 sunt,

135 1467 252 1511 prae
284 1468 335 1498 se
367 1456 537 1511 ferant,
571 1455 676 1497 illos
708 1455 813 1497 dico
846 1458 1042 1510 septem,
1076 1455 1135 1498 de
1168 1455 1339 1509 quibus
1372 1467 1515 1510 supra
1548 1455 1903 1510 disputavimus.
1972 1456 2239 1498 Secundam
2278 1456 2481 1498 classem
2515 1469 2587 1498 eo-

134 1540 239 1570 rum
262 1540 377 1582 esse,
411 1528 492 1582 qui
520 1531 703 1569 certum
735 1541 926 1581 annum,
961 1541 1052 1581 quo
1085 1528 1249 1582 scripti
1277 1532 1398 1580 sunt,
1433 1541 1525 1570 non
1557 1527 1833 1582 praebeant,
1868 1528 1949 1570 sed
1972 1540 2169 1583 quorum
2190 1531 2391 1584 tempuS,
2416 1529 2454 1571 si
2478 1540 2587 1572 cum

134 1600 307 1642 ceteris
345 1603 694 1655 comparentur,
727 1599 833 1654 plus
865 1599 1082 1642 minusve
1122 1600 1222 1643 erui
1255 1599 1415 1655 possit,
1450 1599 1497 1642 in
1531 1599 1670 1642 tertia
1704 1612 1818 1643 vero
1851 1600 2002 1643 classe
2035 1611 2114 1643 eos
2152 1601 2448 1656 reponendos
2481 1613 2585 1643 esse

135 1672 293 1727 libros,
325 1672 407 1727 qui
439 1673 621 1714 nullum
653 1672 841 1714 omnino
874 1672 1099 1727 temporis
1131 1672 1358 1715 indicium
1391 1672 1614 1715 habeant.

277 1744 486 1787 Primam
518 1745 720 1787 classem
753 1744 845 1787 hac
879 1744 1207 1788 dissertatione
1227 1745 1411 1788 iteratis
1443 1745 1569 1788 curis
1591 1745 1791 1788 discussi
1824 1750 1869 1787 et
1903 1745 2047 1800 siquis
2079 1745 2193 1787 mihi
2215 1746 2481 1801 exprobare
2504 1758 2584 1787 ve-

134 1816 200 1871 lit,
234 1816 359 1871 quod
380 1829 508 1859 nunc
528 1816 578 1859 in
600 1817 882 1871 quibusdam
904 1817 1046 1859 rebus
1068 1816 1206 1860 aliter
1238 1817 1439 1860 sentiam
1462 1820 1605 1871 atque
1628 1817 1738 1858 olim
1761 1817 1940 1859 factum
1963 1820 2034 1859 est
2054 1818 2083 1870 ²,
2117 1818 2420 1871 proverbium
2438 1816 2583 1859 Grae-

134 1900 243 1930 cum
275 1889 550 1931 obtendam:
583 1890 794 1940 Δευτέραι
827 1890 1057 1941 φροντίδες
1091 1889 1352 1941 σοφωτέραι.
1396 1887 1642 1931 Secundae
1666 1900 1780 1931 vero
1804 1892 1850 1930 et
1883 1888 2052 1931 tertiae
2086 1889 2238 1942 classi,
2271 1889 2365 1931 iam
2398 1889 2583 1944 pridem

134 1959 498 2003 dissertiuncula
531 1960 737 2016 quadam
756 1962 786 2015 ⁸,
820 1961 953 2003 cuius
985 1962 1317 2015 argumentum
1358 1962 1575 2015 repetere
1623 1972 1698 2002 me
1746 1960 1890 2015 piget,
1940 1960 2224 2003 satisfecisse
2257 1961 2369 2002 mihi
2401 1961 2583 2003 videor.

133 2030 327 2074 Summa
375 2034 534 2074 autem
583 2043 758 2086 eorum,
808 2044 930 2087 quae
970 2033 1028 2075 de
1069 2033 1231 2075 ordine
1270 2032 1600 2086 chronologico
1639 2033 1846 2074 omnium
1878 2033 2105 2074 librorum
2139 2032 2414 2075 Tertulliani
2448 2045 2583 2087 supe-

133 2105 257 2145 riore
278 2108 490 2157 tempore
515 2104 768 2158 disputavi,
801 2107 848 2148 et
872 2117 1046 2159 eorum,
1080 2117 1203 2160 quae
1226 2104 1287 2148 ad
1309 2104 1586 2148 memoriam
1609 2105 1927 2160 augustissimi
1960 2104 2087 2160 regis
2110 2104 2337 2147 Friderici
2360 2104 2582 2147 Guilelmi

133 2176 215 2229 III,
249 2175 509 2218 fundatoris
541 2174 680 2219 huius
711 2175 866 2220 almae
898 2175 1063 2221 matris
1096 2175 1360 2221 litterarum
1382 2176 1705 2220 universitatis
1723 2177 1997 2232 Bonnensis,
2030 2178 2108 2233 pie
2130 2178 2432 2217 recolendam
2455 2190 2585 2217 nune

134 2248 407 2302 conscripsi,
441 2248 670 2292 laterculo
702 2248 750 2291 in
783 2248 917 2291 calce
951 2248 1089 2291 huius
1122 2248 1464 2292 dissertationis
1494 2249 1708 2305 apposito
1746 2254 2146 2304 repraesentatur.
2216 2249 2368 2302 Quem
2391 2250 2583 2302 quidem

132 2319 200 2361 ita
233 2319 454 2374 disposui,
488 2322 539 2361 ut
572 2333 652 2362 eos
684 2322 789 2363 octo
821 2319 979 2375 libros,
1026 2332 1224 2375 quorum
1257 2333 1409 2362 annus
1442 2321 1542 2363 erui
1575 2324 1622 2363 et
1654 2325 1878 2363 accurate
1911 2321 2098 2363 definiri
2131 2325 2298 2376 potest,
2347 2322 2394 2362 in
2426 2321 2583 2363 medio

132 2392 384 2445 posuerim.
446 2391 647 2434 Restant
679 2391 724 2446 ii,
758 2405 956 2446 quorum
989 2395 1176 2447 tempus
1208 2393 1313 2447 plus
1345 2392 1561 2435 minusve
1589 2392 1866 2446 investigari
1889 2396 2056 2447 potest,
2091 2393 2129 2434 si
2152 2392 2582 2446 observaverimus,

133 2464 266 2505 cuius
299 2463 391 2505 sint
422 2464 592 2506 indolis
625 2467 672 2506 et
704 2464 985 2519 argumenti,
1019 2467 1100 2507 aut
1129 2464 1360 2519 quomodo
1384 2476 1493 2508 cum
1528 2464 1632 2508 aliis
1655 2464 1942 2508 cohaereant
1965 2475 2139 2520 eosque
2162 2468 2436 2518 memorent,
2471 2477 2583 2519 quo-

131 2548 237 2578 rum
268 2538 456 2591 tempus
488 2536 720 2591 novimus,
754 2536 833 2580 vel
866 2536 914 2580 in
947 2536 1003 2580 iis
1035 2540 1368 2581 memorentur.
1418 2536 1628 2592 Quorum
1662 2537 1887 2579 librorum
1920 2548 2013 2591 eos,
2047 2537 2127 2592 qui
2150 2541 2257 2578 sunt
2280 2537 2337 2578 de
2370 2537 2581 2578 moribus

133 2606 507 2651 Christianorum
555 2609 604 2651 in
642 2609 832 2652 sinistra
870 2613 1021 2665 parte,
1071 2623 1151 2654 eos
1191 2614 1365 2666 autem,
1406 2612 1486 2666 qui
1527 2614 1743 2667 spectant
1782 2611 1842 2652 ad
1882 2622 1958 2653 res
1990 2611 2298 2664 dogmaticaS,
2331 2611 2379 2652 in
2413 2610 2584 2652 dextra

132 2681 269 2733 parte
301 2680 548 2724 collocavi.

275 2868 289 2892 ¹
314 2869 416 2906 Vide
441 2870 671 2917 Brieger,
698 2871 926 2907 Zeitschrift
951 2874 977 2906 f.
1004 2871 1320 2918 Kirchengesch.
1350 2873 1454 2909 1877.
1480 2873 1577 2908 Heft
1604 2873 1621 2907 Ι
1648 2884 1740 2919 pag.
1768 2872 1847 2908 373.

274 2929 290 2952 2
314 2930 361 2964 In
387 2933 577 2966 versione
604 2931 847 2967 Germanica
874 2931 1125 2976 Tertulliani,
1153 2943 1276 2978 quam
1304 2931 1497 2969 Coloniae
1524 2943 1631 2969 anno
1660 2932 1753 2969 1882
1779 2932 1980 2969 edendam
2008 2933 2163 2968 curavi.

274 2987 289 3011 ³
314 2989 362 3025 In
388 2991 687 3026 commentariis
713 2990 963 3037 Maguntinis
990 2989 1074 3028 Der
1100 2990 1294 3028 Katholik
1321 2991 1426 3029 1879.
1454 2991 1493 3028 II
1520 2992 1793 3039 Organischer
1820 2992 2179 3038 Zusammenhang
2204 2993 2290 3027 und
2310 2992 2582 3037 chronolog-ie

131 3049 205 3084 der
232 3047 436 3085 Schriften
461 3049 709 3086 Tertullians
735 3048 772 3087 S.
789 3050 992 3088 561—589.

2709 3855 2726 3925 *³3⁸3
