2826 3982
1392 268 1447 307 2⁸

189 400 410 442 stitiosus.
475 400 684 442 Primum
724 400 850 443 enim
890 412 976 456 pro
1015 404 1198 443 ostento
1237 398 1415 452 habuit,
1456 398 1579 452 quod
1613 401 1746 440 cetus
1777 394 2013 439 maximus
2045 397 2092 440 in
2125 402 2311 452 portum
2333 397 2533 451 Augusti
2564 410 2645 452 ap-

184 472 303 527 pulit
337 471 496 527 ibique
530 476 700 528 captus
734 477 820 527 est,
856 473 1029 516 deinde
1063 472 1186 527 quod
1220 476 1426 514 cometes
1459 483 1546 526 per
1577 470 1748 512 multos
1781 470 1882 512 dies
1903 469 2080 512 Romae
2109 470 2375 523 videbatur,
2409 474 2645 525 postremo

185 544 372 600 eruptio
405 544 578 588 montis
610 544 810 588 Vesuvii
843 558 1071 601 magnum
1110 543 1298 600 aliquod
1331 543 1507 586 malum
1542 542 1825 598 portendere
1858 542 1901 585 ei
1934 542 2039 585 visa
2071 547 2155 586 est.

329 616 566 659 Vesuvius
597 616 724 659 enim
757 617 838 660 illo
871 617 972 673 ipso
1005 622 1216 672 tempore
1249 616 1464 670 ingentes
1497 616 1713 657 flammas
1743 614 1952 657 evomuit
1985 618 2128 669 atque
2160 615 2343 669 rugitus
2375 615 2545 658 montis
2577 618 2644 657 ta-

186 688 241 730 lis
276 693 393 742 erat,
428 692 478 730 ut
513 687 723 744 Capuae,
758 689 805 731 in
840 701 935 744 qua
969 689 1086 731 urbe
1119 688 1221 742 Dio,
1262 687 1476 742 quotiens
1508 687 1555 729 in
1590 687 1729 729 Italia
1763 687 1981 740 degebat,
2021 686 2240 729 habitare
2273 687 2468 741 solebat,
2517 686 2645 729 audi—

184 762 328 801 retur.
393 759 496 802 Hoc
536 760 768 803 miraculo
808 764 1009 803 naturae
1058 772 1280 813 magnam
1320 759 1692 801 immutationem
1732 770 1890 801 rerum
1931 758 2161 812 portendi,
2210 761 2383 813 putans
2423 758 2511 800 Dio
2552 748 2659 800 non'

184 831 422 873 dubitavit
456 832 669 885 credere,
705 844 811 874 eam
846 833 1040 874 statim¹
1075 832 1121 873 in
1155 831 1388 873 Plautiani
1423 832 1608 872 fortuna
1641 830 1818 872 factam
1852 841 1970 872 esse.

330 902 554 944 Eiusdem
589 904 850 958 eruptionis
868 903 1187 945 Tertullianus
1221 903 1266 944 in
1301 902 1432 954 libro,
1467 913 1607 957 quem
1641 901 1711 944 ‘de
1745 901 2048 957 poenitentia'
2078 901 2328 956 inscripsit,
2358 901 2645 944 mentionem

185 975 356 1016 fecisse
398 975 609 1016 videtur:
664 976 811 1029 „Quid
851 976 977 1017 illum
1019 976 1294 1025 thesaurum,
1335 975 1498 1028 inquit,
1534 976 1649 1030 iynis
1681 975 1854 1017 aeterni
1887 975 2192 1027 aestimamus,
2225 988 2361 1029 quum
2391 973 2644 1031 fumariola

186 1048 412 1103 quaedam
437 1049 533 1089 eius
567 1049 680 1090 tales
709 1049 1002 1103 flammarum
1026 1049 1141 1090 ictus·
1163 1049 1389 1099 sus-citent,
1424 1053 1472 1089 ut
1500 1049 1745 1102 proaw'nme
1780 1049 1910 1088 urbes
1943 1053 2022 1088 aut
2057 1048 2147 1088 iam.
2183 1047 2333 1088 nullae
2366 1052 2532 1092 extem.
2566 1051 2646 1087 aut

188 1119 303 1162 idem
339 1120 424 1162 sibi
457 1121 517 1162 cle
550 1121 633 1162 die
666 1122 878 1175 sperent!
940 1120 1191 1162 Imus-ilium
1226 1121 1340 1163 enim
1375 1121 1686 1176 superbissimi
1721 1124 1887 1162 montes
1920 1120 2037 1176 liquis·
2070 1120 2350 1162 emti-insecus
2378 1118 2504 1175 fetu“
2529 1120 2558 1160 ².

333 1191 468 1246 Quae
504 1192 654 1234 verba
689 1192 725 1233 si
760 1192 865 1246 quis
899 1204 1006 1234 cum
1042 1192 1098 1233 iis
1132 1192 1499 1246 comparaverit,
1534 1205 1655 1247 quae
1691 1191 2008 1234 Tertullianus
2041 1191 2176 1246 Apol.
2210 1204 2251 1233 c.
2274 1191 2333 1232 40
2366 1194 2411 1233 et
2444 1190 2491 1233 in
2526 1191 2645 1233 libro
2692 1230 2694 1232 .

187 1264 244 1305 de
280 1264 423 1318 pallio
456 1275 496 1306 c.
531 1265 558 1305 2
592 1264 649 1305 de
684 1263 918 1318 Pompeiis
952 1274 977 1305 e
1012 1275 1096 1305 suo
1131 1269 1289 1306 monte
1323 1270 1369 1306 et
1403 1264 1460 1306 de
1495 1263 1718 1306 Vulsiniis
1751 1276 1775 1306 e
1811 1263 1942 1306 caelo
1978 1263 2072 1317 igni
2107 1262 2312 1318 perfusis
2345 1262 2472 1316 dicit,
2512 1262 2645 1305 intel-

188 1337 327 1388 leget,
362 1347 469 1376 eum
505 1335 600 1376 illic
624 1335 681 1376 de
711 1347 762 1376 re
796 1334 1070 1388 praeterita,
1106 1334 1181 1375 hic
1218 1335 1276 1376 de
1310 1347 1361 1376 re
1396 1336 1635 1389 praesenti
1670 1348 1773 1378 esse
1807 1336 2027 1377 locutum.
2083 1335 2327 1389 Proximas
2350 1335 2476 1376 enim
2499 1335 2644 1376 monti

188 1408 328 1449 urbes
362 1407 562 1448 flammis
601 1407 693 1448 iam
729 1406 911 1448 deletas
944 1406 1193 1460 Pompeios
1227 1412 1273 1448 et
1308 1406 1631 1449 Herculanum
1667 1414 1712 1449 et
1752 1407 1938 1449 stabias
1972 1420 2088 1460 esse,
2138 1392 2399 1459 nemo⁷est,
2448 1408 2527 1460 qui
2567 1419 2645 1448 ne-

187 1478 320 1531 sciat,
354 1483 400 1520 et
434 1491 577 1531 quum
612 1477 735 1519 idem
770 1477 911 1526 dicat,
946 1477 1066 1519 alias
1102 1478 1243 1519 urbes
1279 1478 1400 1519 idem
1436 1479 1499 1520 de
1533 1480 1620 1520 die
1655 1492 1903 1534 sperare,
1938 1479 2063 1521 haud
2097 1479 2288 1520 dubium
2323 1484 2406 1531 est,
2441 1478 2552 1531 quin
2586 1478 2645 1520 de

186 1554 341 1591 monte
381 1549 590 1591 Vesuvio
639 1549 804 1590 eodem
853 1553 1066 1603 tempore
1118 1549 1251 1602 ignes
1300 1555 1551 1591 evomente
1602 1551 1833 1604 loquatur.
1913 1550 2005 1592 Alii
2043 1550 2167 1592 enim
2212 1552 2408 1601 montes,
2453 1549 2644 1591 Africae

184 1621 399 1675 proximi,
433 1621 638 1663 Aetnam
658 1622 674 1646 ³
708 1621 812 1662 dico
846 1624 893 1662 et
926 1626 1109 1662 montes
1144 1620 1406 1662 insularum
1441 1621 1801 1676 Liparaearum,
1843 1634 1898 1664 eo
1940 1626 2164 1676 tempore,
2203 1634 2294 1675 quo
2327 1621 2645 1663 Tertullianus

184 1692 386 1747 scriptor
415 1692 772 1735 ecclesiasticus
800 1692 1012 1747 florebat,
1048 1692 1181 1746 ignes
1214 1705 1305 1735 non
1340 1693 1621 1747 evomuisse,
1656 1693 1879 1736 historiae
1918 1694 2232 1736 monumentis
2265 1693 2378 1736 satis
2411 1698 2595 1736 constat
2612 1694 2643 1735 ⁴.

182 1765 382 1820 Insuper
416 1765 464 1806 in
498 1765 664 1807 insulis
696 1764 943 1820 Liparaeis
980 1765 1173 1821 „urbes“
1213 1777 1336 1820 quae
1374 1766 1496 1808 dirui
1531 1766 1806 1821 potuissent.
1847 1779 1939 1808 non
1978 1770 2128 1820 erant,
2169 1766 2250 1808 sed
2290 1766 2390 1809 sola
2422 1765 2645 1821 oppidula

184 1842 230 1879 et
253 1837 363 1879 vici.
410 1836 571 1891 Quare
590 1837 948 1892 Tertullianum,
984 1838 1125 1880 urbes
1158 1838 1303 1879 monti
1338 1838 1524 1880 vicinas
1557 1850 1612 1880 eo
1646 1844 1856 1894 tempore
1891 1838 2130 1881 interitum
2165 1839 2223 1881 de
2256 1838 2331 1881 die
2364 1842 2644 1893 exspectare

184 1910 422 1951 dicentem
457 1910 519 1951 ad
554 1915 762 1951 montem
786 1910 1059 1964 Vesuvium,
1093 1911 1173 1964 qui
1207 1913 1327 1952 teste
1361 1910 1513 1952 Dione
1547 1923 1602 1952 eo
1636 1911 1736 1965 ipso
1770 1914 1995 1965 tempore,
2029 1923 2120 1964 quo
2153 1910 2429 1952 Plautianus
2461 1910 2645 1952 occisus

184 1988 270 2034 est,
302 1982 496 2023 tremuit
530 1986 577 2023 et
610 1981 745 2035 ignes
779 1982 1002 2035 evomuit,
1035 1982 1318 2036 respexisse,
1354 1994 1446 2024 non
1480 1982 1755 2025 coniectura
1788 1981 1887 2024 sola
1926 1981 2171 2036 probabile
2205 1985 2289 2033 est,
2329 1982 2411 2024 sed
2444 1994 2528 2037 pro
2567 1994 2643 2024 ex-

184 2053 368 2107 plorato
402 2053 571 2095 haberi
603 2056 759 2107 potest
779 2054 808 2095 ⁵.

329 2123 466 2177 Quae
500 2137 646 2179 quum
679 2125 746 2166 ita
779 2125 885 2179 sint,
909 2124 1227 2166 Tertullianus
1260 2125 1433 2167 librum
1467 2126 1525 2167 de
1558 2126 1851 2180 poenitentia
1885 2138 1939 2168 eo
1973 2137 2163 2181 prorsus
2196 2129 2407 2180 tempore
2442 2125 2643 2181 scripsit,

186 2210 278 2250 quo
301 2197 494 2238 nuntius
527 2197 586 2238 de
604 2197 812 2238 Vesuvio
842 2198 1101 2239 dissiliente
1135 2203 1180 2239 et
1215 2198 1373 2250 ignem
1408 2204 1657 2239 evomente
1689 2197 2028 2251 Carthaginem
2061 2197 2294 2252 pervenit,
2328 2197 2451 2251 quod
2485 2197 2644 2251 paullo

186 2272 297 2310 ante
331 2269 530 2310 caedem
565 2268 804 2310 Plautiani
838 2270 1016 2311 factum
1050 2274 1132 2312 est.
1196 2269 1320 2323 Ergo
1354 2269 1572 2321 sciemus,
1612 2282 1704 2324 qno
1738 2274 1949 2324 tempore
1983 2269 2103 2311 liber
2135 2268 2413 2311 Tertulliani
2447 2269 2505 2310 de
2538 2280 2644 2323 poe-

184 2341 384 2382 nitentia
418 2340 624 2395 scriptus
658 2341 730 2394 sit,
765 2341 803 2382 si
837 2341 1215 2394 cognoverimus,
1250 2354 1342 2396 quo
1376 2346 1587 2397 tempore
1621 2341 1897 2383 Plautianus
1929 2341 2115 2383 occisus
2147 2341 2219 2382 sit.

329 2413 382 2455 In
418 2413 701 2454 enarrandis
734 2413 806 2454 his
841 2413 985 2455 rebus
1016 2413 1107 2455 Dio
1143 2412 1331 2454 Cassius
1364 2419 1628 2468 temporum
1662 2414 1812 2454 ordini
1847 2414 2083 2454 servando
2116 2426 2207 2454 non
2241 2413 2356 2453 satis
2388 2424 2532 2454 curae
2565 2413 2645 2453 ha-

334 2579 343 2602 ¹
374 2580 515 2614 Αὐτίκα
544 2579 637 2613 Ι)ἰο
665 2579 799 2625 Xiph.
829 2579 884 2623 76,
912 2579 944 2614 2.

329 2640 343 2663 2
370 2640 496 2675 Tert.
526 2640 575 2674 de
605 2650 721 2686 poen.
752 2640 805 2674 1⁶2.

332 2701 346 2722 ²³
373 2701 451 2737 Ct’r.
473 2700 575 2735 Lan
589 2701 746 2744 dgreh
759 2713 791 2743 e,
821 2703 888 2745 qui
918 2703 957 2735 in
980 2712 1116 2745 opere,
1146 2703 1208 2735 cui
1232 2702 1391 2735 titulus:
1420 2702 1783 2747 Natnrgeschichte
1812 2702 1884 2735 der
1899 2701 2096 2735 Vulkane.
2125 2700 2257 2736 Gotha
2279 2700 2381 2734 1855.
2409 2700 2464 2734 t.1
2487 2711 2580 2745 pag.
2599 2699 2643 2733 41

183 2762 301 2797 dicit:
349 2761 460 2805 „Von
489 2761 562 2796 der
590 2760 846 2795 christlichen
876 2760 1179 2805 Zeitrechnung·
1216 2772 1267 2796 an
1305 2761 1370 2796 hat
1405 2774 1447 2795 es
1474 2762 1576 2796 wohl
1613 2763 1732 2797 keine
1760 2773 1838 2796 nur
1865 2763 2185 2806 einigermassen
2212 2760 2471 2795 bedentende
2499 2760 2646 2794 Aetna-

182 2821 437 2869 Eruptionen
464 2820 669 2868 gegeben,
698 2832 779 2856 von
808 2821 940 2857 denen
969 2821 1079 2857 nicht
1109 2821 1173 2856 die
1202 2821 1456 2857 hesonderen
1476 2821 1711 2864 Umstande,
1739 2828 1859 2858 unter
1879 2822 2011 2858 denen
2032 2822 2088 2857 sie
2116 2821 2198 2856 sich
2227 2822 2476 2866 ereigneten,
2505 2822 2647 2865 ausge-

183 2883 367 2917 zeichnet
396 2881 563 2916 worden
590 2883 761 2916 waren!⁴

326 2941 341 2965 ⁴
366 2943 590 2976 Historiam
618 2946 752 2975 terrae
779 2947 961 2976 motuum
984 2948 1023 2975 et
1051 2943 1324 2988 eruptionum,
1353 2953 1455 2987 quas
1486 2943 1698 2977 vulcanias
1725 2943 1906 2986 dicimus,
1934 2948 2125 2978 accurate
2153 2942 2393 2987 conscripsit
2419 2942 2460 2977 E.
2489 2941 2536 2976 Ι).
2564 2940 2644 2976 Ad.

182 3015 219 3038 v.
247 3003 387 3046 Hoff,
416 3003 595 3039 Chronik
626 3002 699 3037 der
727 3002 945 3037 Erdbeben
973 3003 1058 3037 und
1087 3003 1383 3037 vulkanischen
1412 3003 1664 3037 Ausbriiche.
1693 3002 1827 3038 Gotha
1856 3003 1958 3037 1840.
1987 3003 2030 3037 In
2059 3007 2167 3037 tomo
2197 3002 2232 3036 ΙΙ
2260 3002 2380 3036 huius
2408 3003 2551 3048 operis',
2580 3003 2644 3037 cui

181 3064 339 3100 titulus:
368 3062 611 3099 Geschichte
639 3063 712 3098 der
739 3062 867 3098 durch
897 3063 1243 3108 Ueherliet‘erung
1271 3063 1638 3108 nachgewiesenen
1673 3063 1928 3099 natiirlichen
1956 3062 2308 3108 Veranderuugen
2349 3063 2421 3097 der
2448 3063 2645 3098 Erdober-

181 3123 322 3168 flat-he,
362 3123 619 3159 documentis
653 3123 810 3169 probat,
851 3123 945 3159 inde
979 3123 1032 3159 ab
1070 3133 1179 3159 anno
1209 3124 1278 3159 176
1305 3123 1369 3159 vel
1400 3124 1466 3159 177
1501 3134 1538 3169 p.
1566 3122 1656 3159 Chr.
1690 3132 1822 3168 usque
1855 3123 1907 3158 ad
1935 3133 2086 3159 aunum
2127 3122 2197 3159 203
2236 3126 2361 3164 (recte
2386 3121 2471 3164 204)
2511 3133 2644 3167 neque

181 3189 315 3218 terrae
343 3187 495 3218 motum
523 3192 659 3228 neque
686 3184 941 3228 eruptionem
969 3183 1202 3218 vulcaniam
1231 3183 1272 3218 in
1301 3183 1399 3218 orbe
1427 3183 1596 3228 antiquo
1624 3183 1749 3218 fuisse
1778 3192 1870 3229 pag.
1900 3182 1978 3220 177.
2024 3182 2134 3218 ldem
2161 3187 2281 3218 autor
2307 3182 2346 3217 in
2373 3181 2513 3217 tabula
2533 3182 2645 3217 chro-

183 3244 372 3288 nologica
406 3244 479 3278 has
513 3243 751 3288 eruptiones
778 3242 935 3277 Aetnae
964 3248 1196 3278 enumerat:
1239 3244 1288 3277 40
1315 3253 1349 3289 p.
1378 3243 1468 3278 Chr.
1497 3243 1645 3278 deinde
1672 3243 1738 3277 251
1769 3254 1805 3289 p.
1834 3243 1923 3278 Chr.
1951 3243 2118 3278 Vesuvii
2147 3242 2192 3278 79
2219 3242 2367 3277 deinde
2394 3242 2464 3277 203
2490 3253 2526 3287 p.
2555 3241 2644 3279 Chr.

185 3303 294 3338 Idem
323 3303 373 3339 de
399 3303 542 3338 insulis
569 3302 783 3349 Liparaeis
811 3313 871 3346 ea,
900 3313 1006 3348 quae
1035 3303 1087 3338 ad
1115 3314 1198 3338 rem
1227 3309 1407 3338 nostram
1437 3304 1651 3348 pertinent,
1680 3303 1842 3349 collegit
1869 3308 1894 3338 t.
1922 3303 1959 3338 II
1988 3313 2081 3349 pag.
2108 3303 2309 3338 252—266.

326 3363 341 3384 ⁵
366 3363 536 3408 Videsis,
565 3373 673 3409 quae
701 3362 796 3398 dicit
824 3362 859 3398 J.
888 3362 1033 3408 Roth,
1062 3363 1145 3399 Der
1165 3363 1302 3399 Vesuv
1329 3373 1367 3399 u.
1397 3374 1425 3399 s.
1446 3362 1707 3410 Umgebung.
1735 3362 1868 3400 Berlin
1902 3363 1992 3399 1854
2018 3375 2112 3410 pag.
2139 3363 2172 3399 4.
2200 3362 2496 3408 Landgrebe
2525 3363 2546 3398 1.
2567 3364 2588 3398 Ι.
