2826 3982
1393 349 1444 389 31

1394 552 1449 595 V.

2210 617 2246 625 ,ο-

395 666 617 724 Librum
658 667 749 722 ‘de
794 680 984 722 corona
1024 663 1222 721 inilitis'
1274 682 1410 720 anno
1454 661 1562 719 211
1613 663 1965 737 conscriptum
2009 683 2141 729 esse.
2187 665 2456 737 probatur.

342 805 539 857 Praeter
571 804 708 846 solita
741 804 990 858 stipendia,
1039 815 1162 858 quae
1202 802 1427 844 militibus
1465 813 1550 856 per
1587 813 1762 843 annum
1796 807 1877 843 aut
1911 807 2136 844 semestre
2170 801 2372 857 spatium
2407 802 2646 856 porsolve-

197 876 384 929 bantur,
417 876 727 930 imperatores
760 876 956 928 singulis
978 875 1204 916 militibus
1233 874 1374 915 totius
1397 874 1632 915 exercitus
1650 873 1847 915 Romani
1871 872 2122 928 pecuniam
2147 873 2485 926 largiebantur,
2521 885 2644 929 quae

199 948 473 1007 largitiones
505 948 632 989 haud
664 961 772 988 raro
806 949 983 988 effusae
1017 951 1166 988 erant.
1209 947 1411 986 Fiebant
1443 951 1600 987 autem
1635 946 1781 987 variis
1815 946 1872 986 de
1907 945 2088 987 caussis
2121 945 2642 1000 eng-1:01)victoriam

195 1020 257 1062 ab
291 1020 577 1075 imperatore
609 1024 914 1074 reportatam,
953 1024 1164 1075 tempore
1199 1020 1632 1074 quinquennalium,
1667 1018 1997 1059 decennalium
2032 1017 2229 1072 aliisque
2268 1019 2324 1060 de
2366 1020 2546 1061 caussis
2588 1019 2643 1061 si-

194 1092 396 1135 milibus.
446 1091 658 1144 Quarum
692 1092 995 1144 largitionum
1029 1093 1232 1132 maiores
1265 1091 1589 1143 liberalitates,
1624 1090 1828 1130 minores
1851 1089 2078 1130 donativa
2102 1089 2257 1131 dictae
2281 1102 2382 1132 esse
2408 1091 2641 1134 videntur.

195 1161 400 1206 Severus
432 1177 595 1205 omnes
627 1167 955 1205 antecessores
995 1164 1334 1205 liberalitatum
1374 1167 1420 1203 et
1458 1162 1723 1215 frequentia
1764 1169 1809 1201 et
1849 1162 2172 1214 magnitudine
2213 1162 2351 1202 facile
2386 1163 2641 1217 superavit,

195 1247 339 1289 quum
388 1248 474 1290 per
511 1235 811 1278 occasionem
851 1235 1184 1277 decennalium
1225 1234 1421 1287 singulis
1459 1234 1686 1275 militibus
1726 1234 1890 1274 decem
1931 1246 2098 1274 aureos
2140 1235 2390 1275 donaverit
2413 1238 2437 1275 ¹.
2502 1235 2642 1276 Moris

195 1312 313 1360 erat,
355 1310 405 1349 ut
438 1307 686 1360 largitores
725 1306 1036 1348 liberalitates
1076 1319 1186 1347 suas
1225 1305 1513 1358 posteritatis
1553 1305 1809 1345 memoriae
1848 1306 2113 1358 proderent,
2155 1318 2384 1348 nummos.
2434 1318 2549 1360 quos
2588 1318 2643 1347 eo

194 1391 319 1423 anno
368 1377 620 1433 elidebant,
669 1377 974 1434 inscriptione
1022 1382 1137 1433 apta
1185 1377 1409 1421 ornando.
1463 1376 1568 1429 Qua
1602 1377 1904 1430 inscriptione
1938 1377 2341 1419 LIBERALITAS
2376 1379 2640 1419 Avm'sTI

193 1450 341 1494 adiuti
375 1463 523 1495 annos
556 1462 723 1494 eruere
756 1462 1016 1506 possumus,
1051 1450 1222 1505 quibus
1255 1450 1563 1493 liberalitates
1596 1449 1807 1501 singulae
1843 1451 1997 1491 factae
2031 1458 2151 1491 sunt.
2623 1445 2628 1450 '

338 1522 411 1564 Ita
448 1521 677 1565 Severum
719 1522 828 1577 imp.
870 1522 1024 1565 sexies
1063 1521 1289 1565 militibus
1334 1521 1453 1564 tales
1494 1521 1765 1574 largitiones
1806 1522 2108 1575 praestitisse,
2158 1523 2361 1564 nummis
2411 1535 2640 1564 annorum

198 1594 377 1649 193s94,
415 1595 512 1650 196,
546 1595 648 1649 202,
682 1595 783 1648 203,
818 1595 919 1647 208,
954 1594 1036 1636 211
1075 1606 1119 1648 p.
1140 1592 1248 1636 Chr.
1283 1606 1327 1635 n.
1362 1593 1589 1648 probatur
1608 1596 1636 1634 2'.
1692 1592 1988 1635 Caracallam
2022 1595 2171 1647 patris
2205 1595 2476 1648 exemplum
2512 1608 2643 1636 secu—

192 1669 292 1707 tum
326 1678 443 1720 esse,
477 1670 727 1721 postquam
748 1665 925 1708 Caesar
957 1667 1112 1708 factus
1146 1670 1230 1718 est,
1266 1677 1323 1706 ex
1349 1665 1550 1707 nummis
1584 1677 1811 1706 annorum
1850 1666 1945 1716 197,
1980 1666 2080 1717 203,
2115 1666 2216 1712 204,
2252 1667 2354 1715 208,
2389 1667 2468 1707 211
2508 1667 2641 1707 intel-

193 1737 353 1791 ligitur
372 1739 402 1792 3,
437 1737 700 1793 Getamque
734 1737 860 1779 idem
892 1737 1076 1785 fecisse.
1110 1736 1312 1779 nummis
1346 1748 1573 1778 annorum
1608 1738 1692 1778 202<
1727 1742 1773 1778 et
1806 1738 1885 1778 211
1926 1737 2233 1779 confirmatur
2250 1738 2281 1778 ⁴.

338 1808 551 1862 Quarum
584 1809 922 1851 liberalitatum
956 1808 1074 1851 alias
1097 1821 1126 1851 a
1149 1807 1324 1850 Severo
1348 1808 1457 1863 solO,
1492 1808 1610 1849 alias
1643 1809 1703 1850 ab
1735 1821 1789 1850 eo
1825 1821 1915 1851 una
1950 1821 2056 1851 cum
2091 1809 2198 1851 filiis
2231 1802 2487 1864 praestitas
2520 1822 2638 1855 esse.

192 1881 371 1925 nummi
405 1884 651 1936 testantur,
686 1894 830 1936 quum
864 1881 974 1924 illae
1007 1881 1301 1924 liberalitates·
1319 1880 1524 1938 Auyuxti,
1559 1881 1648 1923 hae
1673 1881 1977 1937 [laqus-torum
2013 1887 2360 1937 nuncupentur,
2396 1891 2443 1924 et
2477 1884 2639 1936 imagi-

191 1955 331 1996 nibus
364 1955 630 2009 ceterisque
664 1954 902 2009 symbolis,
952 1966 1073 2010 quae
1113 1953 1315 1996 nummis
1354 1954 1589 2008 insculpta
1629 1957 1749 2007 sunt,
1799 1954 2035 2008 docemur,
2086 1958 2241 1996 utrum
2275 1955 2337 1997 ab
2372 1969 2464 1997 uno
2499 1957 2576 1997 vel
2609 1969 2638 1998 a

190 2027 404 2081 pluribus
438 2028 566 2068 facta
599 2027 704 2068 sint.
768 2026 1007 2068 Eiusmodi
1039 2026 1350 2067 liberalitates
1379 2037 1652 2068 communes
1675 2026 1974 2068 donabantur
1996 2026 2133 2068 annis
2155 2026 2256 2081 203,
2279 2027 2382 2081 204,
2407 2029 2510 2079 208,
2534 2029 2636 2079 211,

189 2098 313 2152 quod
353 2110 379 2140 e
417 2098 549 2140 libris
587 2098 874 2140 eruditorum
907 2098 1056 2139 lector
1089 2098 1347 2138 benevolus
1386 2097 1609 2138 facillime
1649 2097 1799 2138 discet
1818 2099 1847 2138 ⁵.
1910 2097 2194 2139 Liberalitas
2227 2099 2338 2139 anni
2372 2100 2459 2139 208
2495 2100 2638 2141 trium

189 2169 507 2222 Augustorum
528 2169 544 2193 ⁰
576 2168 837 2211 communis
870 2168 969 2222 fuit,
1003 2168 1264 2209 liberalitas
1296 2171 1455 2210 autem
1489 2168 1600 2209 anni
1634 2169 1715 2209 211
1755 2169 2015 2210 communis
2039 2168 2200 2211 Getaev
2222 2174 2268 2211 et
2302 2170 2585 2214 Caracallae
2607 2172 2636 2214 ⁷.

332 2239 707 2293 Liberalitatum,
742 2253 860 2293 quas
893 2238 1097 2281 Severus
1129 2252 1224 2281 una
1257 2253 1362 2281 cum
1398 2240 1506 2280 filiis
1539 2245 1620 2281 aut
1660 2241 1760 2281 eius
1799 2241 1880 2281 filii
1920 2242 2056 2281 simul
2095 2242 2320 2283 militibus
2354 2243 2637 2295 tribuerunt,

190 2311 425 2366 quaedam
458 2310 748 2353 Tertulliano
789 2310 1087 2352 occasionem
1120 2311 1353 2364 praebuit,
1403 2311 1575 2352 librum
1616 2311 1686 2352 ‘de
1721 2324 1894 2352 corona
1927 2312 2097 2352 militis'
2131 2313 2381 2354 scribendi.
2447 2314 2636 2356 Etenim

189 2394 333 2437 quum
365 2381 570 2437 pecunia
592 2381 817 2425 militibus
839 2381 886 2424 in
910 2381 1092 2436 castriS,
1117 2380 1587 2435 Carthaginiensibus
1621 2382 1775 2435 credo,
1810 2384 2172 2438 persolveretur,
2207 2397 2326 2425 unus
2359 2397 2419 2426 ex
2454 2386 2510 2427 iis
2543 2399 2638 2428 non

188 2455 236 2496 in
270 2466 325 2497 eo
357 2453 535 2508 habitu,
585 2466 676 2509 quo
715 2453 868 2496 iussus
907 2458 1024 2509 erat,
1072 2453 1119 2496 id
1158 2459 1229 2496 est
1262 2466 1437 2497 corona
1470 2454 1615 2509 capiti
1656 2454 1888 2509 imposita,
1938 2455 2018 2497 sed
2052 2468 2157 2497 eam
2190 2469 2333 2498 manu
2367 2469 2540 2510 gerens
2573 2458 2635 2499 ad

189 2526 520 2582 accipiendum
554 2525 830 2568 donativum
862 2526 1080 2568 accessit.
1142 2525 1302 2580 Quare
1336 2525 1630 2570 Christianus
1663 2527 1982 2582 deprehensus
2015 2540 2043 2569 a
2076 2529 2430 2571 centurionibus
2463 2530 2523 2571 ad
2558 2530 2636 2572 tri-

189 2599 340 2640 bunos
372 2599 542 2639 ductus
575 2602 621 2639 et
654 2602 908 2639 accusatus
948 2599 1048 2640 sine
1087 2599 1228 2640 dubio
1270 2610 1447 2654 poenas
1486 2598 1627 2641 dedit.
1691 2598 1829 2642 Hunc
1869 2599 2063 2643 militem
2104 2599 2244 2644 stulte
2284 2600 2452 2655 egisse,
2501 2601 2636 2645 multi

191 2671 480 2725 clamabant,
515 2671 835 2712 Tertullianus
868 2684 983 2713 vero
1016 2672 1077 2713 ad
1112 2672 1460 2714 defendendum
1494 2684 1600 2713 eum
1634 2672 1759 2715 hunc
1793 2673 1976 2725 librum,
2017 2673 2075 2715 de
2108 2684 2199 2727 quo
2239 2673 2487 2727 loquimur,
2530 2688 2637 2717 con-

188 2743 389 2798 scripsit.

333 2897 344 2921 ¹
372 2898 461 2934 Dio
489 2898 546 2942 76,
575 2898 605 2934 1.

330 2958 347 2983 ‘³
371 2959 543 2994 Cohen
570 2959 698 2993 deser.
725 2959 812 2993 hist.
840 2958 910 2992 Ed.
939 2957 986 2992 ΙΙ.
1014 2962 1039 2993 t.
1067 2956 1119 2992 IV
1147 2969 1240 3002 pag.
1268 2958 1421 2993 32-34.

331 3017 346 3041 ⁸
371 3018 434 3055 Id.
461 3018 556 3055 ibid.
583 3030 677 3065 pag.
706 3018 904 3054 156—159.

329 3080 345 3103 4
370 3080 434 3114 Id.
461 3080 556 3114 ibid.
584 3090 677 3126 pag.
705 3080 776 3114 260
801 3090 857 3124 sq.

331 3139 346 3163 ⁵
371 3140 436 3176 Id.
464 3140 559 3176 ibid.
587 3151 682 3186 pag.
709 3140 757 3175 34
781 3152 840 3175 nr.
868 3140 938 3175 283
965 3144 1003 3175 et
1029 3140 1110 3174 295.
1149 3151 1243 3186 pag.
1272 3141 1342 3175 156
1367 3152 1426 3175 nr.
1455 3141 1656 3176 121—130.
1709 3142 1787 3177 Ct'r.
1816 3151 1906 3187 pag.
1935 3141 2006 3176 260
2031 3151 2089 3176 nr.
2118 3142 2174 3176 71.

330 3201 346 3224 ⁶
370 3201 434 3237 Id.
461 3201 556 3237 ibid.
585 3212 679 3247 pag.
693 3196 768 3237 '157
794 3213 852 3236 nr.
875 3200 954 3236 127.
996 3198 1174 3246 Septime
1202 3199 1353 3236 Severe
1381 3202 1482 3235 assis
1509 3208 1622 3236 entre
1644 3201 1851 3237 Caracalla
1879 3205 1916 3235 et
1936 3200 2051 3245 Geta,
2079 3205 2172 3236 tous
2199 3204 2296 3236 trois
2324 3204 2345 3236 a
2375 3204 2536 3250 gauche
2566 3214 2635 3238 sur

186 3272 268 3298 une
295 3261 468 3298 estrade.
518 3260 733 3308 Inscriptio
761 3264 838 3296 est:
865 3260 1108 3297 Liberalitas
1134 3259 1416 3307 Augustorum
1446 3260 1511 3297 VI.

330 3319 345 3344 ⁷
369 3321 436 3357 Id.
453 3321 549 3357 ibid.
569 3332 662 3368 pag.
683 3321 752 3357 157
778 3332 837 3356 nr.
858 3320 937 3357 130.
977 3331 1070 3368 pag.
1090 3315 1162 3356 260
1185 3331 1245 3356 nr.
1266 3321 1312 3356 70
1337 3325 1376 3357 et
1403 3321 1446 3357 71
1468 3331 1575 3368 quae
1601 3326 1764 3359 moneta
1784 3322 1924 3358 eadem
1943 3326 2003 3358 est
2030 3326 2154 3370 atque
2180 3323 2247 3358 illa
2274 3333 2368 3371 pag.
2389 3323 2458 3359 157
2485 3336 2543 3360 nr.
2566 3324 2635 3361 150

187 3388 474 3429 praeterquam
503 3383 613 3429 quod
640 3382 770 3418 Getae
796 3393 943 3417 nomen
975 3393 1074 3428 prae
1102 3393 1144 3417 se
1178 3382 1256 3417 fert
1282 3381 1324 3416 P.
1352 3381 1570 3428 Septimius
1597 3383 1700 3418 Geta
1728 3384 1823 3418 Pius
1849 3383 1954 3429 Aug.
1982 3382 2089 3427 Brit„
2117 3384 2181 3419 illa
2209 3395 2308 3419 vero
2336 3395 2485 3421 nomen
2513 3385 2633 3422 Cara-

186 3442 324 3489 callae,
351 3441 583 3479 Antoninus
609 3440 715 3490 Aug.
742 3441 838 3478 Brit.
