2826 3982
1396 275 1454 314 30

339 406 681 449 Tertullianum
714 407 818 450 loco
852 419 996 464 supra
1030 407 1220 450 laudato
1253 419 1358 462 cap.
1387 408 1440 448 12
1473 406 1534 448 ad
1568 405 1864 461 eruptionem
1888 405 2083 449 Vesuvii
2116 406 2398 463 respexisse,
2431 405 2527 449 iam
2558 406 2655 461 pri-

192 479 301 520 dem
335 479 432 520 vidi
466 483 512 520 et
545 479 736 533 publice
770 479 976 522 defendi.
1041 479 1132 522 Sed
1165 480 1276 534 quia
1309 483 1421 520 tune
1455 479 1502 519 in
1535 490 1593 520 ea
1626 478 1862 520 sententia
1897 490 2064 533 essem,
2110 481 2162 521 ut
2194 478 2496 525 Plautianum
2528 489 2653 522 anno

192 551 281 593 204
328 551 537 593 occisum
585 564 689 593 esse
728 556 963 606 putarem,
1013 553 1185 594 librum
1224 552 1281 593 de
1321 550 1612 606 poenitentia
1651 550 1700 592 in
1733 549 1968 605 principio
2002 550 2116 592 anni
2147 551 2236 593 204
2268 550 2456 607 reposui
2476 552 2491 576 ¹
2523 561 2652 593 nunc

193 636 320 676 vero,
354 635 405 666 re
440 623 610 666 iterum
642 636 895 679 perpensa,
929 628 1027 666 tam
1052 624 1285 666 Plautiani
1326 626 1537 675 mortem,
1573 635 1716 677 quam
1750 622 1922 665 librum
1957 622 2016 665 de
2049 623 2341 678 poenitentia
2373 622 2504 666 initio
2537 615 2679 674 anni*

190 696 278 737 205
312 695 615 737 tribuendum
648 699 752 738 esse
786 696 1025 750 intellego.

1386 864 1464 904 IV.

384 975 503 1043 Quo
555 979 794 1048 tempore
838 974 1189 1033 Tertullianus
1232 976 1298 1031 ad
1342 972 1570 1031 Montani
1617 979 1794 1046 partes
1836 971 2116 1038 transierit,
2161 972 2454 1045 inquiritur.

334 1112 457 1151 Viris
506 1112 672 1164 doctis,
722 1113 802 1167 qui
850 1112 1074 1155 historiae
1122 1114 1347 1168 antiquae
1387 1111 1619 1155 ecclesiae
1659 1109 2022 1165 investigandae
2063 1108 2218 1152 studia
2260 1122 2345 1152 sua
2378 1104 2648 1162 navabant,

187 1195 376 1235 semper
409 1195 555 1224 curae
589 1188 706 1237 erat,
746 1196 838 1238 quo
871 1196 996 1225 anno
1030 1184 1349 1226 Tertullianus
1389 1184 1450 1226 ad
1484 1183 1694 1226 Montani
1733 1186 1895 1239 part-es
1928 1181 2206 1237 transiisset,
2241 1193 2301 1224 ex
2334 1180 2651 1225 monumentis

187 1267 376 1306 eruere3
412 1255 495 1296 sed
529 1268 614 1308 pro
648 1256 963 1297 subsidiorum
996 1257 1226 1309 qualitate
1262 1261 1307 1297 et
1341 1268 1425 1310 pro
1458 1256 1635 1309 ingenii
1669 1255 1886 1297 acumine
1917 1254 1998 1297 alii
2031 1254 2170 1296 aliter
2193 1253 2250 1296 de
2285 1253 2377 1296 hac
2408 1265 2459 1296 re
2494 1264 2650 1296 sense-

186 1330 308 1366 runt.
374 1326 536 1366 Pauca
570 1327 757 1366 interim
792 1327 1062 1367 summatim
1103 1328 1354 1379 attingam.
1419 1327 1633 1368 Noesselt
1673 1338 1796 1368 anno
1834 1326 1916 1367 199
1956 1325 2002 1367 id
2042 1325 2221 1368 factum
2251 1335 2358 1371 esse
2392 1327 2541 1381 putat,
2583 1323 2649 1368 Le

185 1396 373 1450 Nourry
407 1401 454 1439 et
487 1397 776 1451 Hesselberg
808 1412 932 1440 anno
966 1401 1067 1450 200,
1117 1400 1340 1440 Neander
1378 1406 1424 1440 et
1458 1400 1671 1441 Uhlhorn
1711 1411 1836 1440 anno
1880 1400 1980 1453 202,
2030 1398 2240 1439 Moehler
2278 1409 2386 1439 eum
2425 1397 2514 1440 nisi
2553 1397 2648 1440 iam

184 1475 329 1526 antea
363 1472 493 1512 certe
526 1483 650 1511 anno
684 1470 771 1511 202
805 1470 1015 1511 Montani
1050 1471 1273 1522 dogmata
1307 1473 1586 1525 amplexum
1620 1485 1724 1513 esse
1757 1472 1990 1526 opinatur,
2025 1471 2213 1526 plurimi
2237 1473 2417 1512 certam
2441 1469 2500 1512 de
2533 1473 2647 1511 tem-

183 1554 299 1596 pore
335 1541 622 1584 sententiam
654 1543 867 1596 proferre
900 1555 993 1584 non
1027 1549 1135 1584 sunt
1169 1543 1286 1584 ausi.
1353 1541 1528 1584 Omnes
1562 1547 1736 1595 autem,
1777 1556 1894 1596 quos
1929 1544 2039 1595 dixi,
2080 1544 2222 1593 viam,
2263 1554 2356 1596 qua
2389 1542 2451 1583 ad
2484 1553 2648 1582 eruen-

185 1613 296 1655 dum
342 1619 529 1668 tempus
569 1626 735 1655 secure
775 1614 1034 1668 procedere
1075 1620 1280 1668 possent,
1330 1628 1421 1655 non
1457 1615 1572 1656 satis
1607 1616 1837 1656 munitam
1872 1618 1918 1656 et
1951 1618 2290 1669 praeparatam
2323 1613 2546 1655 habuisse
2581 1613 2648 1653 vi-

189 1685 373 1726 dentur.

328 1755 703 1799 Difficultatibus
735 1756 845 1800 huic
878 1757 946 1800 rei
979 1757 1176 1800 obiectis
1210 1757 1300 1800 hoc
1335 1758 1472 1799 modo
1505 1759 1684 1800 mederi
1717 1770 1984 1812 possumus.
2048 1757 2234 1800 Etenim
2269 1769 2405 1799 nemo
2438 1768 2647 1811 unquam

183 1828 393 1884 negavit,
428 1841 500 1882 ea,
536 1841 659 1884 quae
692 1829 740 1871 in
773 1829 892 1872 libro
926 1829 997 1873 ‘de
1032 1830 1335 1885 poenitentia'
1375 1830 1601 1885 inscripto
1644 1830 1702 1872 de
1736 1829 2057 1885 exomologesi
2090 1831 2136 1872 et
2169 1829 2227 1872 de
2261 1828 2645 1872 reconciliatione

183 1901 526 1956 poenitentium
560 1915 589 1944 a
622 1901 912 1945 Tertulliano
945 1903 1073 1945 dicta
1107 1908 1228 1956 sunt,
1279 1916 1387 1945 cum
1420 1903 1654 1945 ecclesiae
1689 1903 1970 1957 primaevae
2003 1902 2177 1955 agendi
2202 1902 2347 1954 ,modo
2381 1900 2646 1943 consentire

184 1976 231 2015 et
264 1973 461 2028 proinde
495 1986 524 2016 a
557 1973 767 2016 Montani
801 1974 1022 2028 dogmate
1056 1974 1328 2017 abhorrere.
1394 1974 1518 2028 Ergo
1551 1975 1835 2028 cuicumque
1877 1987 2156 2029 persuasum
2191 1977 2276 2027 est,
2309 1973 2441 2015 illum
2473 1973 2646 2014 librum

184 2050 396 2087 exeunte·
423 2057 548 2088 anno
582 2046 670 2088 204
702 2048 783 2088 aut
817 2046 1009 2089 ineunte
1043 2059 1167 2089 anno
1201 2047 1289 2089 205
1323 2059 1425 2089 esse
1460 2047 1794 2101 conscriptum,
1829 2046 1929 2088 sine
1963 2046 2167 2100 ambage
2198 2045 2442 2099 concedet,
2466 2044 2647 2087 Tertul-

184 2118 363 2158 lianum
398 2129 524 2159 anno
557 2108 645 2158 204
678 2120 724 2159 et
757 2117 844 2159 205
877 2118 1088 2159 Montani
1122 2119 1368 2159 doctrinae
1401 2119 1608 2159 nondum
1641 2118 1884 2160 addictum
1918 2130 2037 2159 esse.

328 2186 432 2240 Quo
465 2201 581 2230 vero
615 2202 738 2230 anno
761 2189 971 2230 Montani
1005 2190 1227 2244 dogmata
1260 2190 1452 2245 publice
1485 2190 1697 2233 docuerit
1730 2192 1776 2232 et
1810 2189 2088 2243 defenderit,
2113 2188 2457 2232 Tertullianum
2491 2188 2643 2244 ipsum

181 2261 410 2313 optimum
453 2264 500 2301 et
541 2261 963 2307 luculentissimum
1003 2265 1170 2302 testem
1210 2262 1456 2302 habemus.
1519 2261 1661 2302 Libro
1710 2261 1834 2302 enim
1884 2261 2126 2302 adversus·
2154 2259 2446 2301 Marcionem
2492 2259 2643 2313 primo

182 2334 375 2384 praeter
407 2331 796 2372 consuetudinem
830 2344 978 2384 suam,
1013 2344 1191 2372 annum
1214 2332 1426 2385 inseruit,
1460 2344 1551 2386 quo
1577 2332 1782 2386 scriptus
1809 2335 1893 2385 est,
1929 2331 2183 2386 septimum
2206 2330 2312 2373 dico
2330 2329 2494 2372 Severi
2517 2330 2642 2386 imp.‚

180 2402 227 2444 id
261 2407 332 2444 est
365 2414 544 2444 annum
577 2403 715 2456 207ss
749 2417 792 2457 p.
818 2402 926 2445 Chr.
959 2404 1032 2445 ιι.2
1095 2405 1322 2445 Autorem
1355 2407 1516 2445 autem
1550 2404 1657 2445 libri
1690 2404 1829 2458 primi
1864 2404 2097 2446 adversus
2119 2403 2410 2445 Marcionem
2433 2402 2643 2444 Montani

181 2477 342 2516 sectae
377 2474 620 2517 addictum
654 2487 771 2528 esse,
805 2488 865 2517 ex
898 2475 953 2517 iis
987 2476 1148 2517 verbis
1181 2476 1365 2529 colligo,
1406 2488 1530 2530 quae
1564 2476 1609 2517 in
1644 2476 1736 2517 fine
1771 2476 2013 2530 leguntur:
2049 2476 2139 2517 Sed
2178 2481 2218 2517 et
2249 2476 2290 2517 si
2322 2475 2519 2517 nubendi
2550 2475 2642 2526 iam

183 2547 340 2589 modus
365 2547 573 2602 ponitur,
608 2562 735 2604 quem
767 2549 946 2604 quidem
979 2550 1105 2604 apud
1141 2564 1218 2591 nos
1250 2549 1477 2604 spiritalis
1509 2549 1628 2590 ratio
1653 2549 1891 2603 paracleto
1918 2554 2076 2590 autore
2099 2549 2304 2602 defendit
2330 2551 2377 2589 et
2408 2547 2592 2600 reliqua
2613 2549 2642 2587 ³.

180 2618 295 2660 Inde
328 2618 444 2660 mihi
478 2618 592 2660 satis
625 2623 841 2662 constare
873 2619 1074 2673 videtur,
1109 2618 1453 2664 Tertullianum
1487 2622 1592 2676 post
1625 2632 1801 2664 annum
1836 2620 1924 2663 205
1960 2624 2005 2663 et
2038 2623 2148 2663 ante
2182 2633 2359 2663 annum
2391 2610 2493 2673 207,
2529 2633 2641 2673 ergo

178 2704 304 2733 anno
337 2690 426 2732 206
460 2704 503 2746 p.
539 2690 647 2734 Chr.
681 2692 741 2733 ad
774 2692 984 2735 Montani
1019 2692 1190 2745 dogma
1225 2693 1474 2747 delapsum
1508 2705 1627 2735 esse.

325 2869 337 2893 1
365 2870 465 2904 Vide
486 2870 811 2916 dissertationem
839 2882 982 2913 meam,
1011 2881 1134 2916 quam
1161 2873 1201 2905 in
1229 2873 1529 2907 commentariis
1549 2872 1766 2908 menstruis
1785 2870 2049 2917 Maguntinis,
2069 2881 2243 2916 quorum
2270 2871 2411 2906 titulus
2437 2874 2515 2906 est:
2545 2870 2642 2906 Der

179 2929 414 2965 Katholik
443 2941 553 2965 anno
582 2931 674 2965 1879
701 2936 725 2965 t.
746 2930 783 2965 II
811 2942 903 2977 pag.
921 2931 1114 2967 561—589
1136 2932 1352 2977 publicavi.
1394 2935 1524 2974 Quam
1553 2933 1718 2977 quidem
1746 2932 2074 2966 dissertationem
2101 2942 2184 2966 non
2211 2930 2375 2966 videtur
2401 2930 2549 2976 legisse
2577 2932 2641 2965 vir

178 2990 436 3025 doctissimus
464 2990 536 3026 Νὸ
554 2990 564 3025 1
581 2989 642 3026 de
659 2990 718 3026 ch
735 3001 818 3033 en,
861 2992 929 3036 qui
959 2991 1131 3026 eandem
1165 2993 1407 3027 sententiam
1434 2996 1478 3027 ut
1506 3002 1656 3027 novam
1684 3002 1816 3038 nuper
1844 2991 2022 3038 protulit,
2060 3001 2182 3037 quam
2209 3001 2319 3026 nunc
2346 2991 2386 3025 in
2413 2991 2556 3026 melius
2584 3001 2641 3027 re-

178 3052 394 3086 formatam
423 3051 559 3086 denuo
588 3051 775 3086 exhibeo.
2372 3096 2374 3099 Υ
2431 3085 2433 3089 ,

322 3109 337 3133 2
364 3110 490 3147 Tert.
519 3110 612 3147 adv.
640 3109 762 3147 Marc.
791 3110 807 3147 Ι
837 3110 891 3147 15.
931 3110 1075 3148 Annus
1103 3113 1297 3159 septimus
1325 3111 1466 3150 Severi
1494 3113 1586 3159 imp.
1615 3113 1756 3159 inc-ipit
1782 3125 1807 3149 a
1835 3112 1917 3149 Cal.
1947 3113 2074 3160 Iuniis
2092 3113 2196 3158 *anni
2214 3113 2294 3160 ⁷207
2324 3123 2360 3160 p.
2389 3111 2478 3159 Chr.
2507 3123 2543 3147 ιι.

323 3170 337 3192 ³
364 3172 425 3206 Id.
454 3172 546 3207 adv.
576 3171 697 3207 Marc.
725 3171 743 3207 I
762 3172 817 3208 29.
871 3171 1164 3208 Bonwetsch
1192 3174 1213 3209 l.
1234 3174 1257 3209 l.
1284 3184 1379 3220 pag.
1398 3174 1445 3209 42
1472 3178 1670 3220 quantum
1697 3174 1780 3209 scio
1809 3173 1918 3210 solus
1946 3174 2040 3210 huic
2067 3173 2294 3210 sentent-iae
2321 3173 2556 3218 refragatur
2583 3176 2638 3207 at-

178 3242 256 3276 que
283 3232 460 3266 indolem
488 3232 794 3267 Montanianam
822 3232 911 3266 libri
941 3233 1057 3278 primi
1085 3233 1177 3268 adv.
1205 3232 1326 3269 Marc.
1355 3236 1492 3279 negat.
1545 3231 1625 3270 Sed
1652 3234 1737 3280 ipse
1765 3233 1933 3270 viderit!
