2826 3982
1390 291 1447 333 29

196 423 312 466 buit.
374 424 513 467 Diem
546 425 685 479 enim,
735 438 827 480 quo
865 425 1142 467 Plautianus
1181 428 1381 466 necatus
1420 428 1503 478 est,
1553 422 1808 465 memoriae
1847 428 2010 477 aperte
2050 422 2252 477 prodidit
2276 425 2302 476 ¹,
2343 435 2519 464 annum
2554 435 2644 463 11011

193 497 320 539 110111.
384 497 545 551 Quare
577 498 767 539 aliunde
800 510 908 539 eum
942 510 1228 552 quaeramus
1261 500 1458 552 oportet.
1522 496 1676 550 Atque
1717 495 1918 549 primum
1957 496 2145 549 quidem
2186 496 2357 536 falsum
2397 503 2481 540 est,
2522 496 2646 548 quod

156 617 158 619 ¹
194 569 367 623 legitur
399 570 447 611 in
480 569 716 611 chronicis
747 570 1053 624 paschalibus
1086 570 1188 611 sive
1205 569 1543 611 Alexandrinis
1562 571 1591 617 ²,
1626 568 1925 609 Plautianum
1958 568 2032 609 die
2067 569 2137 608 23.
2161 569 2259 609 Ian.
2294 569 2382 608 203
2416 568 2539 608 (110111
2575 581 2646 608 511-

193 653 411 695 premum
437 641 622 682 obiisse.
670 641 974 694 Argumentis
998 641 1122 682 enim
1146 641 1419 682 certissimis
1442 640 1691 692 evincitur,
1726 652 1832 680 eum
1867 652 2026 679 mense
2044 640 2255 692 Aug-usto
2289 639 2499 680 eiusdem
2534 640 2644 680 anni

192 713 370 756 vixisse
403 718 450 755 et
482 713 756 755 consulatus
788 713 949 755 munia
981 713 1150 755 obiisse
1172 716 1200 755 ³.
1265 714 1448 756 Idcirco
1482 713 1641 767 plures
1675 711 1763 752 viri
1798 711 1921 752 docti
1961 723 2043 765 pro
2083 718 2212 752 certo
2246 711 2503 755 habebant.
2538 723 2643 752 eum

194 784 386 827 ineunte
419 797 544 835 anno
577 785 666 826 204
698 797 724 826 0
757 784 857 826 vita
890 785 1132 837 migrasse.

338 855 429 898 Sed
460 856 644 909 longius
666 856 1019 910 procedendum
1053 856 1255 898 videtur.
1304 856 1465 898 Refert
1498 855 1621 897 enini
1641 854 1729 895 Dio
1749 853 1938 895 Cassius
1956 854 1986 905 ⁴,
2022 866 2164 906 quum
2198 855 2313 895 alios
2349 862 2397 895 111
2431 854 2646 895 conscios

194 930 241 970 et
274 927 531 982 participes
565 928 864 970 consiliorum
898 927 1135 970 Plautia-ni
1169 928 1356 983 punitos
1389 940 1506 976 esse,
1542 930 1639 968 tum
1674 925 1960 980 Aegyptium
1995 926 2229 979 quendam
2265 926 2452 968 1101111110
2477 924 2645 968 Coera-

192 1011 319 1054 num,
369 1000 468 1042 eius
499 1000 720 1055 amicum,
760 1000 806 1042 in
839 1000 1031 1043 exilium
1066 1000 1288 1054 eiectum3
1337 1004 1587 1056 postquam
1621 1003 1801 1054 septem
1835 1010 1983 1040 annos
2016 998 2294 1049 exalaverit,
2330 1012 2356 1040 a
2392 997 2645 1041 Caracalla

193 1084 302 1114 eum
335 1076 611 1115 revocatum
646 1085 764 1125 esse,
799 1076 961 1127 postea
996 1073 1043 1114 in
1078 1073 1307 1115 Senatum
1341 1073 1593 1119 adlectum,
1629 1072 1752 1125 quod
1787 1071 1900 1112 nulli
1936 1083 2141 1124 unquam
2176 1072 2405 1125 Aegyptis
2439 1072 2645 1121 001111110-

193 1148 282 1198 rat,
316 1148 363 1187 et
396 1146 632 1187 consulari
666 1145 894 1198 dignitate
929 1149 1120 1187 auctum
1155 1158 1273 1187 esse.
1329 1144 1627 1188 Caracallam
1664 1157 1769 1186 011111
1805 1143 2001 1185 simula(-
2037 1143 2351 1197 principatum
2388 1146 2533 1185 fratre
2570 1158 2646 1185 110-

194 1220 301 1259 cato
335 1218 459 1259 solus
492 1218 759 1272 occupavit,
800 1218 861 1259 ab
896 1217 1036 1259 exilio
1069 1230 1338 1269 revocasse,
1374 1230 1650 1271 persuasum
1687 1216 1852 1261 habeo,
1899 1215 1945 1256 id
1979 1222 2048 1256 est
2082 1229 2206 1256 1111110
2239 1218 2339 1267 211,
2390 1223 2433 1256 et
2469 1216 2504 1256 si
2542 1225 2644 1270 post

196 1288 389 1331 exilium
420 1292 599 1344 septen]
634 1302 864 1331 annorum
898 1289 1049 1331 redux
1082 1290 1236 1331 factus
1260 1292 1344 1342 est,
1380 1288 1569 1330 ineunte
1593 1302 1716 1329 anno
1741 1288 1827 1329 2115
1851 1287 2015 1328 exsilio
2039 1287 2293 1328 muletatus
2317 1302 2418 1328 esse
2444 1288 2645 1329 videtur.

339 1359 448 1402 Post
481 1360 677 1403 caedem
711 1360 945 1403 Plautiani
981 1360 1232 1402 Caracalla
1266 1359 1516 1402 Plautillae
1556 1359 1689 1401 uxori
1730 1359 1975 1414 repudium
2017 1358 2208 1409 remisit,
2259 1372 2458 1414 eamque
2508 1360 2645 1401 domo

196 1432 397 1473 eiectam
431 1433 478 1473 in
511 1433 712 1473 insulam
746 1433 993 1485 relegavit.
1057 1432 1257 1473 Nomina
1291 1444 1405 1473 vero
1445 1445 1534 1472 non
1576 1433 1722 1472 solum
1760 1431 1991 1471 Plautiani
2035 1431 2178 1485 ipsius
2220 1443 2381 1471 verum
2419 1432 2561 1472 etiam
2597 1432 2645 1472 li-

197 1503 415 1545 berorum
450 1505 563 1557 eius,
598 1504 810 1557 inprimis
828 1504 1091 1551 Plautillae,
1127 1504 1396 1556 ubicunque
1429 1504 1743 1544 monumentis
1779 1503 1978 1556 publicis
2012 1503 2265 1543 honorifice
2301 1504 2422 1544 inter
2455 1505 2644 1545 nomina

197 1573 514 1627 Augustorum
538 1575 773 1629 insculpta
797 1578 946 1621 erant,
982 1575 1136 1617 deleta
1161 1580 1283 1628 sunt,
1318 1575 1440 1629 quod
1475 1575 1664 1628 quidem
1701 1575 1789 1615 illis
1823 1574 2112 1628 temporibus
2146 1575 2286 1615 moris
2320 1584 2435 1616 erat.
2471 1576 2507 1616 51
2543 1577 2646 1629 quis

195 1646 256 1687 ab
289 1646 501 1699 Augusto
534 1646 680 1688 hostis
713 1646 992 1688 habebatur.

338 1718 429 1760 Hic
468 1732 568 1760 mos
609 1732 693 1761 nos
725 1719 923 1761 adiuvat
961 1720 1021 1761 ad
1066 1720 1401 1762 inveniendam
1436 1733 1577 1774 quani
1613 1721 1882 1773 quaerimus
1916 1725 2119 1761 aetatem
2157 1720 2300 1761 libelli
2336 1720 2641 1762 Γ101111111111101

195 1790 266 1833 ‘de
300 1791 602 1845 poenitentia'
635 1792 861 1846 inscripti.
926 1792 1111 1834 Etenim
1145 1793 1250 1847 plus
1284 1805 1425 1847 quam
1460 1793 1626 1845 viginti
1660 1805 1807 1834 annos
1840 1792 2013 1833 abhinc
2037 1792 2332 1834 Bormannus
2366 1793 2608 1846 perspexit
2630 1795 2645 1817 ⁵

195 1863 488 1918 inscriptioni
521 1864 621 1906 eius
654 1876 808 1918 arcus,
843 1865 922 1918 qui
956 1865 1001 1907 in
1035 1864 1260 1907 honorem
1294 1866 1435 1907 totius
1468 1865 1675 1908 familiae
1709 1865 1996 1906 Severianae
2036 1865 2097 1906 ab
2137 1865 2422 1917 argentariis
2463 1865 2508 1907 in
2545 1866 2643 1908 foro

195 1936 357 1978 boario
390 1940 578 1979 erectus
617 1940 700 1989 est,
750 1937 858 1979 olim
899 1936 1090 1978 nomina
1123 1936 1372 1979 Plautillae
1413 1940 1460 1979 et
1493 1937 1728 1979 Plautiani
1769 1937 1944 1978 inserta
1994 1936 2151 1988 fuisse,
2202 1949 2325 1989 quae
2371 1936 2509 1978 hodie
2550 1950 2642 1979 non

194 2008 428 2062 leguntur.
477 2008 531 2050 In
563 2009 666 2050 1000
700 2008 824 2050 0111111
858 2008 1040 2063 liturae,
1076 2009 1156 2051 ubi
1189 2008 1326 2051 hodie
1360 2008 1550 2063 legitur:
1589 2007 1815 2063 ⁷,Senatus
1848 2013 1895 2050 et
1927 2008 2110 2062 patriae
2145 2009 2217 2050 et“
2256 2021 2315 2051 ex
2350 2010 2563 2060 vestigiis
2596 2019 2643 2052 et

193 2080 420 2133 relliquiis
468 2080 732 2121 litterarum
780 2080 1077 2132 originalium
1118 2081 1290 2134 primo:
1343 2081 1568 2135 „Fulviae
1608 2080 1857 2121 Plautillae
1896 2081 2165 2131 Augustae*
2219 2085 2265 2121 et
2315 2081 2437 2122 infra
2491 2082 2642 2123 ,1111110

194 2151 333 2193 Fulvi
365 2151 600 2194 Plautiani
633 2152 919 2206 insculptum
953 2162 1057 2194 esse
1090 2154 1305 2206 apparet.
1370 2151 1513 2207 Atqui
1551 2152 1681 2194 illum
1722 2163 1885 2193 areum
1926 2164 2049 2194 anno
2084 2151 2173 2193 XII
2208 2152 2315 2195 trib.
2351 2161 2443 2208 pot.
2479 2153 2640 2196 severi

192 2223 240 2265 id
274 2227 345 2265 est
377 2235 501 2265 anno
535 2224 622 2265 204
654 2236 699 2278 p.
734 2222 841 2266 Chr.
876 2224 1146 2266 dedicatum
1188 2236 1291 2266 esse
1329 2227 1528 2277 constat,
1579 2235 1691 2276 ergo
1732 2223 1999 2264 Plautillam
2041 2236 2095 2264 eo
2137 2236 2262 2264 anno
2311 2225 2372 2265 ab
2407 2225 2643 2266 Antonino

194 2295 242 2336 in
265 2294 441 2337 honore
464 2294 676 2337 habitam
696 2297 781 2337 ‘aut
804 2298 933 2337 certe
963 2295 1063 2337 eius
1095 2308 1291 2338 uxorem
1325 2295 1468 2338 fuisse
1502 2301 1646 2350 patet.
1701 2295 1815 2336 lnde
1850 2295 2072 2349 sequitur.
2107 2304 2156 2336 ut
2175 2295 2466 2340 Plautianus.
2501 2310 2642 2351 quem

194 2367 269 2410 die
293 2368 411 2410 festo
434 2367 650 2410 ludorum
673 2367 1002 2423 palatinorum,
1037 2368 1084 2410 id
1107 2371 1177 2410 est
1200 2380 1361 2410 mense
1384 2368 1618 2421 Ianuario,
1653 2368 1861 2409 occisum
1896 2380 2011 2418 esse,
2036 2374 2218 2409 certum
2248 2369 2643 2425 exploratumque

194 2443 277 2493 est,
311 2451 397 2494 per
428 2440 663 2494 integrum
697 2452 873 2481 annum
906 2441 993 2481 204
1026 2441 1199 2482 vixerit
1232 2445 1279 2481 et
1311 2440 1507 2495 proinde
1546 2440 1620 2480 die
1655 2440 1696 2480 X
1733 2447 1842 2480 ante
1876 2439 1973 2481 Cal.
2009 2439 2296 2481 Februarias
2335 2442 2421 2481 205)
2455 2442 2642 2483 interfe-

193 2514 298 2553 ctus
331 2511 403 2553 sit.

336 2582 653 2625 Revertamur
692 2596 816 2626 nunc
857 2584 917 2626 ad
952 2583 1295 2626 Tertullianum
1337 2585 1569 2626 nostrum!
1635 2583 1810 2637 Quodsi
1844 2583 2120 2625 Plautianus
2161 2590 2272 2626 ante
2306 2585 2429 2627 diem
2464 2585 2507 2626 X
2542 2585 2642 2627 Cal.

194 2654 333 2698 Febr.
357 2655 469 2698 anni
492 2656 579 2698 205
608 2655 885 2699 interfectus
918 2660 1003 2711 est,
1036 2669 1171 2700 mons
1188 2657 1425 2700 Vesuvius
1457 2657 1616 2712 paullo
1650 2662 1759 2700 ante
1794 2657 1922 2698 11111111
1946 2656 2069 2699 (110111
2104 2657 2321 2700 flammas
2344 2658 2516 2701 eiicere
2540 2670 2642 2701 coe—

195 2728 277 2783 pit.
342 2727 485 2771 Cuius
523 2729 591 2770 rei
624 2729 814 2771 nuntius
847 2729 959 2783 quin
993 2732 1097 2784 post
1130 2741 1308 2784 paucos
1350 2729 1449 2771 dies
1487 2730 1534 2771 in
1568 2730 1778 2772 Africam
1813 2729 2097 2783 pervenerit,
2138 2741 2230 2772 non
2265 2736 2336 2772 est
2370 2731 2561 2773 dubium
2596 2738 2642 2773 et

199 2812 343 2856 quum
367 2800 497 2843 circa
529 2801 654 2843 idem
688 2806 875 2857 tempus
895 2801 1237 2844 Tertullianum
1262 2801 1433 2845 librum
1469 2801 1538 2844 ‘de
1571 2800 1872 2857 poenitentia'
1905 2801 2149 2857 scripsisse
2173 2801 2544 2846 demonstratum
2570 2803 2643 2848 sit.

193 2874 240 2915 id
272 2873 425 2928 primo
457 2885 620 2916 mense
654 2874 765 2916 anni
799 2875 886 2917 205
921 2874 1099 2917 factum
1134 2886 1251 2929 esse,
1285 2874 1491 2917 maxime
1524 2874 1769 2930 probabile
1802 2878 1883 2916 est.

338 3088 348 3111 ¹
377 3089 471 3123 Dio
499 3090 555 3133 76,
582 3091 615 3125 3.

338 3146 353 3171 '2
379 3147 526 3184 Chron.
553 3149 689 3194 pasch.
718 3150 779 3185 ed.
806 3150 932 3185 Bonn.
961 3150 979 3184 I
1003 3150 1074 3184 496
1101 3150 1184 3190 (266
1210 3150 1280 3191 B.).

337 3206 352 3231 ³
377 3206 418 3245 C.
447 3207 475 3244 I.
503 3207 546 3244 L.
574 3208 633 3244 III
659 3208 765 3245 5802.
792 3208 846 3246 VI
871 3209 951 3245 220.
1002 3208 1146 3245 Klein
1172 3210 1266 3246 fasti
1293 3221 1402 3246 cons.
1430 3221 1524 3256 pag.
1552 3211 1608 3245 90.

336 3266 352 3289 ⁴
377 3267 466 3302 Dio
495 3268 540 3303 76
564 3268 599 3303 5.

338 3326 354 3349 ⁵
378 3327 526 3364 Annali
554 3328 618 3365 del
644 3330 828 3365 instituto
855 3330 1054 3365 archaeol.
1084 3330 1121 3365 di
1150 3330 1277 3366 Roma
1305 3341 1368 3366 an.
1398 3331 1490 3366 1867
1518 3341 1611 3378 pag.
1631 3331 1711 3366 218.
1753 3330 1830 3366 Ct'r.
1851 3341 1957 3376 quae
1975 3332 2189 3365 annotavit
2208 3330 2478 3367 Mommsen
2499 3332 2538 3368 C.
2556 3332 2582 3366 1.
2598 3332 2641 3367 L.

192 3389 258 3425 VI.
284 3390 302 3424 I
328 3400 387 3424 nr.
416 3390 496 3425 103.
547 3389 871 3426 Friedl'ander
898 3392 920 3425 1.
948 3391 969 3425 l.
