2826 3982
1366 256 1419 299 18

162 390 419 432 difficiliter
451 391 512 432 ab
546 390 705 432 animo
740 391 1010 446 impetravi,
1060 394 1110 431 ut
1154 389 1264 431 huic
1310 388 1574 430 sententiae
1613 390 1943 444 consentirem,
1991 389 2103 444 quia
2149 386 2452 430 difficultates
2488 384 2621 428 haud

164 462 368 516 exiguae
401 461 510 503 inde
544 461 773 516 oriuntur,
807 473 931 517 quae
964 462 1089 503 infra
1121 459 1378 502 solvendae
1412 462 1533 501 sunt.

309 532 413 574 Hoc
460 532 605 586 igitur
637 532 898 587 deliquium
931 532 1041 574 solis
1073 543 1102 572 a
1138 529 1429 572 Tertulliano
1477 529 1525 571 in
1558 529 1614 571 iis
1648 529 1795 584 signis
1826 531 2029 586 ponitur,
2062 542 2185 586 quae
2218 542 2273 573 eo
2305 532 2516 584 tempore
2539 526 2621 569 ho-

165 604 371 646 minibus
404 604 578 659 iniquis
611 606 659 646 et
691 603 964 658 incredulis,
1013 602 1227 658 inprimis
1261 601 1635 645 Christianorum
1682 602 2079 657 persecutoribus,
2127 602 2449 646 imminentem
2496 599 2621 643 iram
2674 595 2678 599 ’
2720 648 2734 664 X

164 675 252 717 Dei
285 675 607 717 minabantur.
666 675 842 718 Iisdem
874 675 922 717 in
954 673 1231 717 memoriam
1263 676 1462 716 revocat
1493 672 1669 716 imbres
1701 673 1987 718 inundantes
2009 674 2120 718 anni
2134 673 2378 731 praeteriti
2399 674 2447 716 et
2468 671 2619 727 ignes,

163 747 243 801 qui
277 758 421 802 super
452 746 640 789 moenia
675 745 977 800 Carthaginis
1009 745 1388 800 impendebant¹.
1443 744 1775 788 Universalem
1808 748 1968 789 autem
2001 748 2048 794 et
2076 757 2349 801 supremam
2370 744 2491 788 iram
2511 742 2622 798 Dei,

164 818 209 860 id
244 822 315 861 est
347 819 573 861 tenebras
605 823 829 861 aeternas
852 818 1170 861 Tertullianus
1193 829 1248 860 eo
1270 817 1372 872 ipso
1395 817 1600 872 deliquio
1634 817 1744 860 solis
1766 817 2142 861 extraordinario
2170 816 2428 872 significari
2451 815 2619 871 credit,

165 891 290 944 quod
324 891 513 943 accidit,
548 891 739 944 quando
772 890 1022 945 proconsul
1055 888 1224 931 Uticae
1258 892 1545 932 conventum
1578 889 1783 931 habuit2.

307 961 611 1016 Quamquam
635 962 967 1014 Tertullianus,
1001 973 1030 1002 a
1054 972 1146 1014 quo
1169 961 1452 1015 proconsule
1482 961 1561 1003 ille
1585 964 1849 1003 conventus
1871 961 2061 1004 habitus
2084 961 2156 1015 sit,
2189 973 2283 1003 non
2305 960 2433 1011 dicit,
2456 963 2618 1002 tamen

164 1046 255 1076 non
281 1038 352 1076 est
375 1033 585 1087 dubium,
619 1034 733 1088 quin
752 1032 956 1087 Scapula
979 1032 1079 1087 ipse
1103 1032 1150 1074 id
1184 1032 1364 1075 fecerit.
1415 1032 1575 1086 Quare
1609 1032 1709 1075 eius
1740 1033 2125 1088 proconsulatum
2158 1033 2206 1075 in
2239 1045 2416 1075 annum
2452 1032 2619 1087 197s98

166 1117 414 1148 removere
447 1118 542 1148 non
576 1108 788 1159 cunctor,
837 1116 1094 1159 eorumque
1128 1104 1384 1159 opiniones,
1434 1104 1514 1159 qui
1556 1117 1663 1147 eum
1704 1104 1764 1147 ad
1806 1117 1982 1147 annum
2015 1105 2097 1147 211
2136 1105 2215 1147 vel
2248 1105 2335 1147 212
2368 1104 2623 1147 detruden-

165 1178 276 1219 dum
310 1189 415 1220 esse
448 1180 633 1232 putant,
667 1177 880 1232 reprobo.

307 1248 417 1291 Alia
450 1248 736 1302 testimonia,
771 1260 893 1303 quae
926 1247 985 1291 de
1019 1248 1225 1304 Scapula
1274 1248 1468 1304 eiusque
1517 1249 1852 1305 proconsulatu
1886 1249 1991 1305 plus
2024 1249 2143 1292 lucis
2175 1249 2378 1292 afferant
2408 1273 2467 1278 —
2499 1246 2619 1303 proh

164 1321 297 1363 dolor
332 1346 382 1351 ——
420 1333 577 1374 neque
611 1321 737 1375 apud
771 1333 929 1362 rerum
963 1325 1206 1374 gestarum
1255 1321 1509 1375 scriptores
1557 1333 1712 1375 neque
1760 1322 1807 1363 in
1855 1321 2171 1363 monumentis
2217 1320 2375 1363 adhuc
2422 1320 2623 1362 inventa

163 1396 284 1436 sunt.
340 1391 501 1447 Quare
534 1391 786 1447 nescimus,
821 1404 882 1435 ex
915 1404 1011 1448 qua
1043 1396 1185 1448 gente
1204 1390 1410 1449 Scapula
1442 1396 1571 1436 ortus
1604 1393 1676 1436 sit.
1739 1393 1953 1448 Accedit,
1987 1393 2109 1449 quod
2143 1392 2462 1437 Tertullianus
2494 1393 2622 1435 cete-

163 1465 226 1506 ris
249 1465 532 1519 nominibus,
562 1473 685 1519 quae
710 1464 802 1505 viri
823 1464 1007 1505 nobiles
1023 1464 1223 1505 Romani
1246 1465 1325 1505 illo
1358 1469 1568 1519 tempore
1602 1469 1804 1520 quatuor
1834 1465 2091 1519 habebant,
2124 1465 2622 1518 omississcognomen

164 1536 265 1578 eius
298 1536 449 1577 solum
483 1536 692 1577 exhibet.
749 1535 862 1577 Ideo
894 1548 955 1577 ne
988 1536 1036 1576 id
1069 1536 1259 1590 quidem
1292 1536 1533 1578 affirmare
1566 1537 1731 1589 ausim,
1766 1548 1874 1578 eum
1906 1548 2031 1579 anno
2067 1536 2152 1578 195
2185 1536 2427 1578 consulem
2459 1535 2619 1587 fuisse,

167 1607 390 1662 quamvis
423 1607 682 1649 verisimile
715 1607 951 1661 videatur,
999 1619 1154 1661 neque
1186 1607 1234 1649 id
1267 1619 1351 1661 pro
1385 1611 1515 1650 certo
1547 1608 1715 1662 habeo,
1764 1608 1966 1650 eundem
2014 1620 2131 1661 esse,
2180 1607 2314 1650 cuius
2360 1618 2531 1649 nomen
2568 1605 2620 1648 in

166 1678 377 1733 Digestis
410 1679 630 1732 occurrit,
665 1690 807 1732 quem
829 1677 979 1720 Marci
1003 1679 1183 1720 Aurelii
1216 1679 1506 1733 temporibus
1538 1679 1749 1721 floruisse
1782 1681 1980 1733 constat,
2020 1678 2238 1733 quamvis
2269 1677 2380 1720 huic
2412 1676 2620 1733 opinioni

165 1750 282 1793 nihil
321 1751 511 1793 obstare
551 1750 813 1793 videaturss.
876 1749 1094 1804 Denique
1128 1750 1166 1792 si
1198 1750 1408 1793 Tissotus
1440 1751 1640 1805 titulum,
1690 1751 1823 1793 cuius
1855 1751 2172 1804 fragmentum
2206 1748 2255 1793 C.
2288 1749 2324 1792 Ι.
2357 1749 2408 1791 L.
2442 1754 2472 1791 t.
2506 1748 2619 1791 VIII

602 1954 695 1990 *197
722 1954 821 1990 Juni
864 1954 897 1990 3.
949 1953 1168 1989 Maximum
1197 1954 1269 1989 der
1295 1955 1608 2001 Vertinsterung
1635 1955 1699 1990 11'‘
1713 1955 1757 1990 01
1786 1964 1854 1990 um
1885 1952 2019 1990 01153111

623 2016 693 2050 204
719 2015 802 2050 Juli
831 2015 886 2048 14.
1051 2043 1066 2059 „
1219 2042 1235 2057 ,‚
1412 2042 1428 2058 ,,
1651 2016 1692 2049 1”
1811 2042 1827 2059 „
1879 2013 2013 2049 41116111
2040 2015 2204 2050 Nachm.

626 2074 696 2110 207
722 2073 801 2109 Mai
830 2074 884 2109 14.
1048 2102 1064 2119 „
1218 2104 1233 2119 „
1411 2104 1427 2119 „
1652 2075 1692 2111 7”
1712 2075 1734 2110 2
1814 2103 1830 2120 „
1886 2072 2017 2110 11146111

309 2135 399 2170 *211
430 2134 541 2170 Marz
569 2135 591 2169 2
618 2135 668 2169 ist
695 2144 774 2169 nur
801 2134 867 2169 bei
895 2133 1302 2180 Sonnenuntergang
1344 2135 1524 2170 sichtbar
1562 2145 1754 2180 gewesen
1786 2134 1871 2170 und
1899 2135 2033 2180 zeigte
2059 2135 2112 2169 im
2139 2133 2316 2170 Moment.
2343 2133 2414 2169 des
2440 2132 2624 2169 Sonnen·

163 2200 447 2241 unterganges
474 2195 577 2230 noch
606 2194 671 2230 die
698 2193 829 2229 Phase
857 2204 938 2229 von
965 2193 1007 2229 5¹
1021 2193 1078 2229 37.

306 2254 401 2290 *212
428 2253 535 2301 Aug.
565 2252 620 2289 14.
673 2252 895 2289 Maximum
926 2252 1000 2290 der
1031 2252 1344 2300 Verfinsterung
1376 2253 1439 2290 11“
1457 2254 1500 2291 17
1527 2266 1595 2291 um
1622 2252 1753 2292 41156111
1771 2253 1963 2301 Morgens
2000 2254 2084 2290 und
2108 2265 2216 2290 zwar
2241 2254 2289 2290 42
2306 2253 2487 2289 Minuten
2514 2254 2620 2289 nach

163 2315 532 2361 Sonnenaufgang.
587 2313 663 2348 Die
706 2313 791 2347 drei
836 2314 905 2348 mit
946 2314 1077 2348 einem
1104 2312 1329 2349 Sterncheu
1369 2314 1661 2350 bezeichneten
1696 2313 1786 2350 sind
1825 2313 1966 2350 scharf
1995 2313 2227 2361 gerechnct,
2267 2312 2333 2350 die
2370 2312 2526 2350 andern
2552 2323 2624 2349 an-

162 2375 534 2420 naherungsweise.
588 2374 665 2408 Die
691 2373 1040 2419 Maximalphasen
1068 2374 1158 2408 sind
1184 2375 1225 2409 in
1251 2374 1386 2409 Zollen
1414 2380 1628 2421 angcsetzt
1654 2376 1711 2418 (l''
1741 2390 1776 2406 =
1811 2374 1872 2422 ¹l12
1897 2374 2374 2419 Sonnendurchmesser),
2401 2375 2466 2410 die
2481 2374 2621 2411 Zeiten

163 2436 252 2470 sind
281 2436 417 2469 wahre
446 2434 757 2469 Sonnenzciten.

307 2494 375 2531 Ich
403 2494 568 2539 glaubv,
596 2505 720 2529 unser
747 2493 849 2530 alter
876 2492 1104 2538 Struyck,
1134 2506 1213 2530 von
1245 2495 1438 2530 welchem
1465 2496 1528 2530 ich
1555 2496 1665 2530 nicht
1691 2502 1767 2540 gut
1793 2497 2023 2530 annehmen
2051 2497 2215 2538 konnte,
2243 2507 2287 2530 er
2313 2496 2417 2530 habe
2445 2496 2510 2530 die
2526 2495 2622 2530 Ter·

162 2554 418 2590 tullianische
447 2551 570 2589 Stelle
608 2553 858 2588 unbeachtet
882 2554 1085 2598 gelassen‚
1128 2553 1197 2588 hat
1224 2553 1362 2589 Recht.
1415 2554 1468 2589 Er
1504 2558 1606 2590 setzt
1636 2554 1854 2600 (Inleiding
1892 2560 1951 2590 tot
1987 2554 2038 2590 de
2076 2555 2329 2600 allgemeene
2356 2554 2624 2601 Geographie

162 2626 256 2662 pag.
286 2613 370 2656 103)
398 2613 463 2650 die
493 2612 716 2662 Einsternis
747 2612 815 2650 197
842 2612 940 2650 Juni
967 2617 990 2650 3
1016 2613 1101 2650 und
1128 2613 1296 2650 rechnet
1337 2615 1406 2650 mit
1435 2616 1574 2650 seinen
1603 2615 1836 2662 damaligen
1862 2615 2251 2651 unvollkommenen
2277 2614 2528 2652 Mondtafeln
2554 2616 2626 2651 fiir

163 2676 286 2714 Utika
314 2674 427 2723 10¹s2'‘
454 2674 676 2710 Maximum
702 2673 974 2721 Nachmittag.
1025 2674 1078 2711 Er
1104 2674 1264 2712 bezicht
1292 2675 1375 2712 sich
1404 2676 1507 2713 auch
1537 2677 1613 2712 aus
1634 2674 1828 2722 Scaliger,
1857 2675 1907 2712 de
1934 2676 2090 2713 emend.
2117 2680 2265 2723 tempp.
2291 2675 2423 2712 Praef.
2451 2686 2546 2723 pag.
2566 2675 2622 2712 LI

161 2737 246 2772 und
271 2740 376 2782 sagt,
405 2736 470 2770 die
496 2735 719 2769 Finsternis
746 2735 803 2769 sei
832 2745 917 2769 vor
941 2735 1012 2769 202
1037 2745 1088 2769 zu
1115 2739 1264 2770 sctzen.

306 2796 370 2831 Da·
399 2795 511 2832 diese
538 2796 704 2831 letztere
734 2793 1108 2831 Sonnenfinsteruis
1135 2795 1240 2831 auch
1269 2796 1374 2831 nach
1401 2797 1556 2831 lneiner
1583 2796 1812 2843 Rechnung
1838 2797 1899 2831 ihr
1916 2795 2137 2831 Maximum
2163 2797 2205 2831 in
2223 2796 2348 2832 Utika
2373 2797 2420 2832 53
2437 2795 2623 2832 Minuten

161 2858 266 2892 uach
295 2856 618 2901 Mittagseintritt
645 2855 755 2889 hatte
782 2855 867 2888 und
895 2855 998 2889 iiber
1028 2856 1069 2889 11
1099 2855 1181 2889 Zoll
1210 2866 1329 2901 gross
1354 2866 1449 2900 war,
1478 2867 1522 2891 so
1551 2856 1700 2892 stimmt
1727 2855 1792 2891 die
1821 2854 1997 2901 Angabe
2024 2854 2280 2899 Tertullinus,
2307 2854 2373 2891 die
2400 2854 2536 2892 Sonne
2562 2855 2623 2891 sei

161 2917 267 2953 noch
296 2917 372 2952 auf
394 2916 504 2951 ihrer
530 2914 804 2961 Mittagshiihe
830 2926 1023 2960 gewesen
1061 2915 1147 2950 und
1175 2926 1218 2950 es
1247 2917 1302 2951 sci
1331 2916 1356 2951 b
1374 2916 1555 2951 einahe
1595 2916 1694 2951 alles
1728 2915 1845 2951 Licht
1879 2915 1952 2950 der
1981 2914 2117 2950 Sonne
2156 2915 2415 2962 ausgeloscht
2442 2915 2625 2961 worden,

162 2976 472 3023 vorziiglich.

306 3048 320 3072 ¹
347 3048 427 3085 Eos
453 3048 572 3095 ignes
597 3046 925 3084 Noeldechen
952 3047 975 3083 l.
1002 3059 1033 3083 c.
1062 3059 1156 3094 pag.
1187 3048 1257 3084 100
1283 3048 1389 3084 idem
1417 3050 1554 3092 fuisse,
1582 3049 1693 3094 quod
1720 3060 1794 3084 nos
1821 3059 2016 3084 vocamus
2043 3048 2319 3091 Nordlicht‚
2347 3048 2457 3083 haud
2483 3049 2626 3094 inepte

163 3114 299 3157 putat3
326 3108 605 3155 spectaculum
633 3108 674 3143 in
702 3107 841 3143 Africa
869 3118 968 3144 sane
995 3109 1258 3144 rarissimum.

301 3168 318 3193 2
343 3169 405 3205 De
441 3173 650 3205 conventu
687 3168 868 3204 iudiciali
902 3168 1014 3214 loqui
1042 3168 1352 3214 Tertullianum,
1392 3170 1497 3206 bene
1533 3172 1688 3206 monuit
1715 3170 1975 3206 Noeldechen
2003 3181 2098 3216 pag.
2125 3170 2181 3205 98.
2234 3169 2312 3206 Csr.
2341 3169 2626 3215 Mommsen,

162 3229 413 3265 Staatsrecht
438 3229 477 3265 II
505 3230 522 3263 1
553 3239 590 3275 p.
615 3229 697 3263 219.

306 3288 322 3312 ⁸
347 3290 490 3335 Digg.
519 3288 537 3325 I
563 3289 619 3332 18,
648 3289 703 3324 14.
756 3289 888 3324 Divus
913 3288 1076 3325 Marcus
1118 3296 1157 3325 et
1190 3290 1434 3326 Commodus
1470 3290 1672 3338 Scapulae
1702 3291 1883 3326 Tertullo
1916 3292 2223 3338 rescripserunt.
2275 3290 2355 3327 Cfr.
2383 3290 2541 3338 Capit.
2569 3290 2624 3327 M.

163 3350 298 3385 Aurel.
326 3362 356 3384 c.
385 3351 442 3385 29.
470 3350 510 3385 C.
539 3350 568 3384 I.
596 3349 640 3384 L.
669 3350 727 3384 III
752 3350 858 3384 4407.
