2826 3982
1396 247 1458 292 14'

183 388 376 440 gentem
411 386 639 431 nobilium
661 385 980 430 Romanorum
1001 385 1172 430 Albino
1206 384 1333 428 victo
1366 383 1550 438 fecisse,
1584 384 1679 427 iam
1710 384 1927 439 vidimus,
1961 385 2176 441 inprimis
2208 389 2494 440 senatorum,
2528 385 2641 475 quia

183 462 380 503 senatus
412 459 543 504 illum
576 459 740 503 eoeimie
773 463 1009 503 amaverat
1030 459 1059 503 ¹.

331 531 435 587 Quo
467 543 592 574 anno
625 531 672 574 id
705 531 885 575 factum
918 531 991 586 sit,
1024 531 1120 575 iam
1152 530 1525 573 demonstratum
1558 533 1642 584 est,
1693 528 1783 572 hoc
1831 529 1934 573 loco
1967 533 2018 573 ut
2050 533 2238 588 tempus
2269 531 2414 575 etiam
2444 541 2643 575 accura-

183 605 278 648 tius
330 604 595 658 definiatur,
649 604 796 646 affero
844 604 970 660 quod
1023 603 1302 660 Spartianus
1354 601 1518 643 refert:
1592 601 1722 644 Ultus
1775 601 1917 659 iyitar
1970 601 2268 647 Albinianam
2330 603 2639 663 defectionem,
2689 597 2694 603 ”
2735 652 2747 668 N

183 677 434 734 interfectis
458 676 678 732 plurimis
713 674 879 730 [Gallis
912 676 1027 719 dicit
1065 678 1112 718 et
1144 674 1383 729 Hispanis]
1434 675 1581 717 iratus
1615 675 1807 717 Romam
1855 675 1976 717 venit
2011 707 2020 716 .
2056 707 2066 716 .
2102 708 2111 717 .
2146 681 2187 719 et
2233 681 2464 720 senatores
2510 677 2642 734 infra

183 751 376 806 scriptos
408 750 570 790 occidit
581 750 611 789 ².

328 819 432 873 Quo
464 831 627 861 mense
660 819 866 861 Severus
899 819 1097 862 Romam
1129 818 1328 871 venerit,
1362 817 1579 873 praecise
1612 817 1755 859 statui
1787 820 1956 872 potest,
1997 830 2142 872 quum
2182 819 2493 862 fundamenta
2525 820 2642 862 satis

182 894 319 934 firma
352 891 488 934 nobis
521 893 711 946 praesto
744 890 850 943 sint,
885 891 1057 945 quibus
1090 890 1300 933 calculos
1332 893 1660 944 superstruere
1694 900 1956 943 possumus.

325 963 587 1019 Reportata
620 962 745 1006 enim
767 962 970 1006 victoria
992 961 1297 1017 Lugdunensi
1329 959 1536 1005 Severus
1568 973 1662 1004 non
1694 960 1820 1004 illico
1852 960 2051 1005 Romam
2083 963 2325 1017 profectus
2356 970 2442 1017 est,
2476 963 2561 1007 sed
2593 963 2641 1007 in

180 1035 431 1091 provincia
463 1034 704 1087 remansit,
754 1034 866 1089 quia
898 1034 1076 1077 bellum
1109 1034 1317 1077 nondum
1350 1036 1453 1076 erat
1486 1032 1798 1088 compositum
1847 1036 1895 1076 et
1927 1033 2126 1077 finitum.
2190 1032 2482 1090 Supererant
2514 1035 2642 1079 enim

181 1109 229 1152 in
262 1107 497 1164 Hispania
529 1107 887 1151 Albinianorum
921 1107 1102 1162 copiae,
1152 1107 1323 1162 quibus
1356 1105 1407 1150 L.
1441 1105 1619 1149 Nonius
1651 1105 1798 1150 Rufus
1831 1106 2018 1161 legatus
2050 1110 2287 1162 praeerat,
2336 1118 2503 1152 earum
2535 1119 2640 1164 par-

181 1181 300 1223 tium
333 1179 712 1223 studiosissimus.
777 1178 908 1232 Quas
956 1179 1118 1234 copias
1165 1184 1215 1222 ut
1249 1179 1525 1232 debellaret,
1561 1177 1786 1221 Claudius
1820 1177 2060 1222 Candidus
2109 1179 2280 1223 missus
2312 1182 2397 1234 est,
2446 1180 2527 1235 qui
2558 1192 2642 1224 eas

182 1253 320 1295 brevi
354 1255 566 1306 tempore
600 1251 814 1293 extinxit.
878 1251 1108 1293 Severum
1141 1255 1301 1293 autem
1335 1262 1484 1303 usque
1517 1250 1578 1291 ad
1611 1262 1824 1292 mensem
1857 1250 2032 1293 Maium
2081 1251 2129 1293 in
2161 1252 2409 1305 provincia
2457 1262 2641 1295 reman—

183 1325 316 1377 sisse,
351 1336 412 1366 ex
445 1336 500 1366 eo
534 1323 746 1375 coniicio,
796 1323 920 1376 quod
954 1322 1099 1365 Nonis
1131 1322 1268 1364 Maiis
1315 1323 1363 1364 in
1397 1322 1592 1364 civitate
1641 1321 1945 1374 Lugdunensi
1994 1334 2079 1376 pro
2127 1335 2182 1366 eo
2230 1324 2427 1377 eiusque
2459 1324 2639 1367 familia

183 1393 501 1437 taurobolium
535 1393 828 1436 celebratum
862 1395 932 1435 est
944 1394 973 1435 3.
1018 1392 1132 1435 Inde
1167 1406 1274 1435 eum
1299 1391 1521 1435 Calendis
1543 1391 1718 1435 Iuniis*
1738 1391 1936 1435 Romam
1968 1393 2236 1447 advenisse,
2270 1394 2360 1437 viri
2384 1394 2511 1437 docti
2533 1408 2641 1438 con-

184 1468 398 1518 tendunt,
433 1467 514 1508 ubi
546 1479 691 1508 unum
724 1466 988 1508 alterumve
1021 1478 1233 1508 mensem
1266 1468 1475 1507 moratus
1508 1465 1738 1508 orientem
1772 1478 1939 1508 versus
1972 1467 2213 1520 profectus
2245 1471 2330 1510 est.

330 1537 445 1580 Illas
477 1541 637 1580 autem
670 1535 843 1579 caedes
882 1535 1110 1589 ingentes,
1152 1535 1210 1579 de
1244 1535 1414 1590 quibus
1447 1550 1590 1591 supra
1623 1535 1802 1579 dictum
1835 1542 1919 1589 est,
1969 1543 2067 1580 tam
2100 1537 2464 1592 provincialium
2497 1553 2640 1593 quam

185 1614 460 1653 senatorum
492 1609 811 1652 Romanorum
833 1608 1052 1661 Severus,
1086 1612 1342 1663 antequam
1376 1608 1574 1652 Romam
1606 1609 1839 1664 pervenit,
1872 1610 2130 1664 perfecisse
2163 1610 2365 1665 videtur,
2407 1610 2446 1654 si
2478 1612 2640 1655 verbis

185 1681 426 1737 Spartiani
474 1681 593 1725 fides
626 1681 849 1725 habenda
897 1684 983 1735 est,
1032 1681 1112 1736 qui
1160 1694 1282 1734 eum,
1331 1680 1551 1736 quamvis
1584 1680 1719 1724 foede
1752 1681 1800 1724 in
1832 1681 2135 1726 adversarios
2167 1682 2430 1738 saeviisset,
2479 1688 2639 1729 tamen

183 1756 291 1810 post
323 1753 588 1797 adventum
621 1753 868 1809 alloquens
901 1756 1118 1797 senatum
1151 1752 1209 1797 de
1240 1752 1496 1797 clementia
1529 1765 1615 1797 sua
1648 1752 1924 1797 disseruisse
1948 1756 2113 1798 narrat
2124 1754 2154 1797 5.
2199 1752 2361 1809 Quare
2390 1767 2501 1805 ,eum
2533 1755 2640 1799 illas

184 1827 360 1870 caedes
393 1826 556 1869 statim
588 1830 693 1881 post
726 1826 978 1868 victoriam
1008 1825 1375 1879 Lugdunensem
1408 1826 1621 1880 coepisse
1655 1829 1702 1868 et
1734 1829 1846 1868 ante
1880 1825 1979 1869 Cal.
2004 1826 2149 1868 Iulias
2180 1831 2483 1883 perpetrasse
2511 1832 2638 1883 puto.

329 1898 516 1953 Quibus
548 1899 608 1941 de
646 1899 827 1941 caussis
864 1910 1145 1953 persuasum
1177 1898 1291 1941 mihi
1325 1901 1409 1952 est,
1442 1897 1786 1941 Tertullianum
1823 1898 2040 1941 libellum
2073 1899 2134 1942 ad
2167 1902 2419 1955 martyras,
2468 1901 2517 1943 in
2548 1913 2640 1956 quo

183 1972 276 2015 ista
323 1971 623 2014 atrocissima
677 1971 819 2024 facta,
875 1970 1046 2025 quibus
1099 1970 1226 2012 orbis
1273 1970 1513 2012 Romanus
1560 1974 1741 2013 terrore
1797 1971 2044 2025 perculsus
2092 1975 2177 2025 est,
2232 1976 2476 2027 memorat,
2525 1984 2640 2016 vere

181 2043 297 2086 anni
332 2043 415 2085 197
451 2055 497 2098 p.
532 2042 640 2086 Chr.
673 2043 753 2084 vel
800 2045 851 2084 ut
882 2042 1155 2084 accuratius
1192 2042 1373 2096 loquar,
1423 2045 1527 2097 post
1560 2042 1810 2084 victoriam
1844 2042 2211 2097 Lugdunensem
2258 2044 2342 2087 sed
2389 2048 2500 2087 ante
2540 2044 2639 2088 Cal.

180 2115 327 2157 Iulias
366 2114 706 2169 conscripsisse
745 2115 993 2169 ipsumque
1035 2115 1324 2167 martyribus
1363 2113 1652 2167 Carthagine
1702 2114 1748 2156 in
1788 2125 2037 2157 carcerem
2075 2115 2365 2170 vinculaque
2413 2117 2641 2161 coniectis

179 2186 378 2228 misisse.
434 2185 605 2228 Omnia
638 2186 776 2235 enim,
810 2197 933 2239 quae
965 2186 1069 2227 loco
1103 2196 1245 2239 supra
1280 2185 1472 2227 laudato
1504 2197 1533 2226 a
1560 2185 1851 2227 Tertulliano
1885 2186 2015 2227 dicta
2046 2190 2169 2240 sunt,
2202 2188 2265 2230 ad
2297 2199 2385 2229 ver
2415 2189 2529 2230 anni
2554 2189 2636 2231 197

178 2258 357 2314 optime
390 2258 629 2312 quadrant
661 2258 804 2300 etiam
836 2257 957 2300 haec
990 2257 1161 2299 verba:
1212 2257 1304 2299 ‘aut
1336 2258 1391 2299 ab
1425 2258 1705 2300 adversariis
1737 2258 1846 2309 eius,
1886 2258 1927 2300 si
1958 2272 2049 2313 pro
2082 2272 2131 2303 eo
2163 2259 2395 2303 steterint?
2465 2259 2639 2314 Quam-

179 2342 326 2386 quam
358 2330 487 2372 enim
519 2330 718 2372 Albinus
750 2342 843 2372 non
876 2330 1044 2372 eadem
1077 2330 1358 2371 crudelitate
1391 2333 1536 2384 atque
1569 2329 1775 2372 Severus
1822 2330 1871 2372 in
1919 2330 2223 2373 adversarios
2255 2343 2364 2374 suos
2394 2336 2639 2387 grassatus

177 2405 264 2456 est,
297 2406 461 2444 tamen
493 2401 672 2456 aliquot
705 2413 764 2443 ex
796 2401 1011 2456 partibus
1043 2401 1208 2443 Severi
1240 2401 1302 2442 ab
1335 2413 1391 2443 eo
1424 2401 1606 2443 occisos
1639 2413 1757 2455 esse,
1806 2413 1867 2444 ex
1899 2401 2004 2457 ipsa
2036 2402 2105 2443 rei
2139 2406 2311 2449 natura
2345 2404 2559 2459 sequitur
2591 2410 2637 2447 et

180 2473 437 2530 Capitolini
447 2475 466 2496 *ἲ
497 2473 762 2514 testimonio
794 2473 1114 2513 confirmatur.
1821 2488 1823 2491 ·

319 2662 338 2689 ‘¹
365 2662 519 2711 Capit.
550 2662 714 2702 Clodius
740 2662 828 2701 Alb.
857 2676 888 2701 c.
919 2662 973 2701 12.

323 2724 530 2772 '³Spart.
559 2723 649 2760 Sev.
677 2724 734 2769 12,
761 2725 795 2759 9.

324 2785 340 2807 ³
364 2785 603 2828 Hociner,
631 2785 1003 2832 Untersuchungeu
1031 2795 1126 2832 pag.
1153 2785 1234 2820 216.

322 2848 342 2869 ⁴
364 2847 432 2881 De
460 2846 734 2882 Ceuleneer
761 2858 854 2892 pag.
884 2848 949 2880 111
978 2850 1018 2881 et
1046 2846 1125 2880 114.

322 2908 524 2951 851)ηι·1.
553 2907 643 2941 Sev.
670 2909 724 2947 12,
750 2908 784 2940 4
835 2908 1065 2940 Interiectis
1091 2908 1314 2940 innumeris
1341 2906 1477 2940 Albini
1516 2908 1701 2949 partium
1720 2909 1827 2948 viris,
1868 2909 1973 2942 inter
2011 2919 2115 2951 quos
2156 2909 2269 2944 multi
2307 2911 2531 2952 principes
2539 2912 2634 2943 civi

177 2971 282 3009 tatis,
323 2968 476 3004 multae
502 2968 678 3003 feminae
704 2968 894 3003 inlustres
920 2969 1123 3003 fuerunt.
1188 2972 1308 3002 .tu1n
1335 2972 1374 3003 et
1401 2965 1678 3011 Hispanorum
1705 2972 1744 3003 et
1771 2965 1981 3004 Gallorum
2019 2981 2211 3013 proceres
2250 2968 2365 3009 multi
2393 2969 2515 3005 occisi
2542 2976 2637 3007 sunt

178 3059 186 3066 .
214 3029 232 3065 .'
253 3058 261 3066 .
289 3026 409 3067 Ultus
435 3025 564 3075 igitur
589 3024 849 3065 Albinianam
876 3025 1148 3066 defectionem
1172 3026 1397 3065 intel-tectis
1425 3024 1662 3074 plurimis..
1684 3055 1690 3062 .
1719 3025 1847 3065 iratus
1866 3025 2036 3075 Romam
2063 3031 2103 3067 et
2129 3027 2285 3076 populo.
2310 3031 2351 3067 et
2375 3027 2637 3072 senatoribus

176 3089 323 3126 venit.
390 3116 397 3124 .
449 3087 547 3124 Post
574 3087 650 3124 hoe
677 3087 726 3125 de
753 3097 828 3125 sua
854 3087 1069 3125 clementia
1097 3087 1314 3133 disseruit,
1337 3096 1464 3134 quum
1503 3086 1807 3124 crudelissimus
1834 3088 1958 3132 fuerit
1997 3091 2036 3131 et
2075 3092 2286 3127 senatores
2317 3089 2433 3141 ,infra
2459 3089 2648 3140 scriptos.

177 3148 1850 3185 occiderit..
2287 3183 2289 3187 .

321 3207 338 3230 ⁶
362 3209 516 3254 Capit.
544 3208 654 3243 Clod.
681 3207 770 3243 Alb.
798 3219 829 3242 c.
857 3209 890 3251 8,
917 3209 950 3243 3.
1005 3208 1193 3252 Denique
1219 3208 1440 3252 indulgens
1466 3209 1778 3252 suspicionibus
1795 3219 1885 3244 eos
1893 3183 2105 3252 tormentis
2131 3210 2254 3247 dedit.
