2826 3982
1404 341 1468 384 23

360 473 520 528 Quare
552 475 707 518 locum
724 475 881 517 -istum
912 475 1137 517 mendose
1169 473 1348 516 editum
1381 485 1499 527 esse,
1531 472 1646 515 mihi
1678 486 1953 529 persuasum
1986 479 2071 517 est.
2105 473 2369 515 Verborum
2403 473 2528 515 enim
2561 486 2658 515 am-

209 547 336 589 bitus
368 550 416 589 et
443 547 666 589 orationis
698 547 972 602 compositio
1005 547 1323 602 expostulant,
1355 549 1407 587 ut
1438 545 1605 587 ultima
1636 558 1747 600 pars
1779 548 1957 601 periodi
1989 560 2099 590 cum
2131 546 2369 589 anteriore
2402 546 2657 599 coniunga-

208 626 297 674 tur,
330 630 425 661 non
457 622 704 675 separetur
734 619 796 661 ab
829 630 902 673 ea,
933 621 1127 673 totaque
1158 617 1381 674 periodus
1409 617 1478 660 sic
1510 617 1886 672 interpungenda
1909 624 1955 662 et
1978 617 2280 663 emendanda
2302 621 2392 660 est:
2436 619 2491 661 L't
2509 617 2658 673 Asper

207 691 286 747 qai
315 691 486 735 modice
517 696 732 736 vexatum
756 724 766 734 .
792 724 801 733 .
828 723 837 733 .
864 724 873 733 .
900 695 1004 734 ante
1028 691 1271 747 professus
1307 690 1427 734 inter
1459 690 1700 734 advocatos
1732 695 1772 733 et
1804 706 2049 735 assessores
2080 691 2247 743 dolere,
2286 705 2333 733 se
2365 690 2575 733 incidisse
2608 691 2656 733 in

206 763 322 805 hanc
353 777 574 816 caussam,
600 764 783 819 pudens
814 763 964 814 etiam,
994 763 1179 804 missum
1201 763 1262 805 ad
1294 777 1340 804 se
1361 761 1695 814 Christianum,·
1729 763 1776 803 in
1808 764 1945 818 eloyio
1979 763 2268 806 concuxsione
2302 763 2398 803 eius·
2429 762 2654 803 intellecta

208 836 393 886 dimisit,
425 841 562 877 scisso
595 836 730 876 etiam
763 835 917 888 eloyio.

349 905 452 947 Hoc
491 906 594 947 loco
632 905 912 947 Tertulliani
951 910 1132 957 sanato,
1180 906 1377 957 explosa
1417 909 1488 946 est
1526 906 1713 946 omnino
1753 907 1984 946 sententia
2022 907 2080 947 de
2120 905 2335 946 Pudente
2374 906 2655 956 proconsule

206 989 409 1031 eumque
441 990 468 1020 e
499 990 695 1020 numero
727 975 1089 1030 magistratuum
1106 975 1439 1020 Africanorum
1472 990 1527 1019 eo
1561 976 1746 1019 facilius
1778 977 2049 1030 delebimus,
2083 977 2209 1031 quod
2242 975 2502 1019 Severiano
2541 987 2655 1018 tem-

208 1060 322 1105 pore
354 1048 511 1093 nullus
539 1048 727 1093 Pudens
759 1048 923 1092 consul
955 1051 1037 1092 aut
1069 1048 1321 1104 proconsul
1352 1061 1507 1104 neque
1541 1048 1588 1092 in
1622 1048 1754 1092 fastis
1786 1063 1937 1105 neque
1970 1049 2016 1093 in
2049 1048 2367 1093 monumentis
2400 1048 2654 1092 invenitur.

207 1120 327 1165 Nam
352 1119 441 1175 Qu.
464 1120 693 1165 Servilius
715 1121 903 1164 Pudens
935 1122 1099 1164 consul
1132 1121 1399 1164 ordinarius
1431 1121 1544 1164 anni
1576 1121 1659 1164 166
1692 1135 1721 1164 a
1743 1120 1997 1164 Severiano
2030 1126 2242 1177 tempore
2276 1121 2415 1163 nimis
2447 1127 2655 1164 remotus

204 1197 275 1236 est
307 1206 476 1248 neque,
515 1207 660 1248 quum
692 1207 721 1236 a
754 1193 1043 1237 Tertulliano
1077 1194 1241 1237 ultimo
1275 1194 1378 1236 loco
1412 1194 1692 1247 nominetur,
1732 1195 1882 1249 Aspro
1915 1195 2140 1249 praeponi
2174 1199 2342 1250 potest,
2383 1194 2509 1248 quod
2542 1194 2655 1235 fecit

207 1264 416 1308 Tissotus
436 1268 464 1308 ¹.

346 1337 419 1381 De
463 1338 844 1394 persecutoribus
884 1337 1272 1393 Christianorum,
1312 1339 1392 1393 qui
1431 1339 1478 1381 in
1518 1338 1636 1381 libro
1675 1338 1736 1380 ad
1774 1338 2025 1393 Scapulam
2064 1339 2205 1381 misso
2244 1339 2544 1391 denotantur,
2594 1338 2652 1380 de

208 1407 416 1453 Caecilio
450 1408 646 1465 Capella
678 1409 966 1465 reliquisque
998 1410 1260 1453 disserendi
1299 1424 1391 1453 non
1425 1414 1496 1453 est
1529 1411 1659 1452 locus
1678 1412 1707 1458 ²,
1747 1403 2040 1453 Hslarianum
2078 1415 2237 1453 autem
2278 1417 2652 1465 procuratorem,

203 1480 313 1524 dein
345 1482 638 1538 proconsulis
670 1482 802 1525 vices
835 1486 1081 1537 gerentem
1114 1482 1299 1525 silentio
1333 1483 1594 1538 praeterire
1627 1496 1719 1525 non
1753 1482 1876 1535 licet,
1911 1483 2020 1537 quia
2053 1484 2098 1525 in
2131 1483 2294 1525 Africa
2328 1483 2432 1537 ipsa
2466 1483 2522 1524 iis
2555 1495 2652 1524 mu-

203 1554 395 1595 neribus
427 1555 617 1596 functus
649 1559 734 1595 est.
783 1554 895 1595 Eius
928 1556 1314 1609 proconsulatum
1347 1557 1395 1596 in
1428 1569 1547 1597 anolo
1574 1557 1825 1611 praeterito
1860 1555 2090 1596 collocare
2109 1554 2428 1596 Tertullianus
2462 1555 2654 1596 videtur

202 1625 277 1666 his
308 1626 489 1667 verbis:
539 1627 666 1668 Sicut
699 1632 740 1667 et
772 1628 852 1667 sub
886 1628 1133 1669 Hilariano
1159 1628 1389 1682 praeside,
1424 1641 1559 1682 quum
1593 1628 1646 1668 de
1679 1628 1799 1668 areis
1830 1628 2165 1682 sepulturarum
2202 1632 2461 1669 nostrarum
2498 1628 2651 1669 adcla-

205 1703 423 1740 mussent.-
455 1697 604 1741 Areae
636 1712 725 1740 non
757 1699 861 1751 sint,
896 1712 1031 1741 areae
1064 1699 1267 1755 ipsorum
1299 1712 1389 1741 ‘non
1423 1699 1626 1754 fuerunt.
1691 1700 1857 1740 ,llesxes
1896 1699 2013 1740 enim
2044 1713 2152 1741 susas
2184 1713 2272 1740 non
2306 1704 2506 1755 eqerunt.
2575 1698 2651 1742 Ce—

206 1774 351 1811 terum
399 1775 440 1812 et
487 1771 651 1812 imbres
689 1771 801 1812 anni
830 1771 1074 1825 praeteriti
1120 1773 1209 1812 cet.
1287 1770 1372 1812 His
1410 1770 1569 1812 verbis
1609 1770 1698 1811 duo
1736 1770 1860 1811 mala
1900 1770 1978 1811 vel
2023 1770 2140 1811 duas
2188 1770 2488 1812 calamitates
2536 1771 2649 1812 anni

205 1841 451 1895 praeteriti
474 1841 722 1884 evidenter
750 1846 1085 1897 memorantur,
1119 1844 1339 1897 agrorum
1372 1842 1592 1884 sterilitas
1625 1845 1671 1883 et
1704 1842 1921 1883 imbrium
1955 1842 2246 1895 inundantia,
2281 1855 2482 1897 quarum
2518 1842 2649 1885 illam

205 1916 388 1957 aestate
421 1914 534 1957 anni
569 1914 667 1969 196,
700 1914 826 1958 hanc
857 1928 973 1958 vero
1004 1915 1159 1958 hieme
1196 1914 1590 1969 196s7‘accidisse
1623 1918 1748 1969 puto.

345 1985 482 2039 Quae
514 1987 665 2029 verba
697 1986 975 2030 Tertulliani
1007 1987 1046 2029 si
1078 1990 1208 2030 recte
1241 1987 1576 2041 interpretatus
1609 1999 1726 2040 sum,
1761 1986 1985 2040 sequitur,
2019 1991 2069 2028 ut
2092 1985 2388 2028 Hilarianum
2411 2000 2562 2042 usque
2585 1988 2647 2029 ad

202 2069 289 2100 ver
327 2058 439 2100 anni
481 2058 563 2101 197
602 2058 795 2101 Africae
832 2059 1109 2114 provinciae
1146 2058 1407 2114 praefuisse
1446 2070 1739 2101 censeamus.
1803 2056 1925 2099 Nam
1957 2069 2018 2099 ex
2050 2057 2170 2099 actis
2202 2069 2261 2100 ss.
2294 2057 2560 2113 Perpetuae
2601 2064 2648 2101 et

201 2128 434 2172 sociorum
473 2131 737 2185 martyrum
781 2129 1100 2185 cognovimus,
1146 2129 1402 2172 Minucium
1440 2128 1757 2172 Timinianum
1778 2128 2123 2184 proconsulem
2163 2128 2286 2171 intra
2324 2141 2500 2172 annum
2543 2142 2648 2186 pro-

199 2201 496 2243 consularem
528 2204 764 2243 mortuum
787 2212 904 2256 esse,
938 2201 1076 2256 eique
1092 2200 1391 2243 Hilarianum
1423 2204 1780 2256 procuratorem
1809 2212 1919 2242 cum
1951 2200 2052 2242 iure
2083 2200 2229 2253 gladii
2261 2201 2561 2256 successisse,
2596 2207 2649 2243 ut

199 2271 380 2326 reliquo
413 2272 538 2314 illius
569 2272 682 2314 anni
714 2272 866 2328 spatio
898 2272 1191 2328 proconsulis
1221 2273 1355 2315 vices
1387 2276 1566 2327 ageret.

341 2343 476 2397 Quae
510 2345 700 2399 quidem
733 2345 888 2400 opinio
922 2345 1167 2385 sententiis
1199 2346 1409 2386 virorum
1435 2346 1679 2386 doctorum
1713 2345 1932 2398 omnium,
1967 2345 2125 2399 quide
2148 2345 2240 2385 hac
2263 2357 2314 2386 re
2338 2346 2645 2401 scripserunt,

197 2416 493 2457 adversatur.
547 2415 722 2458 Omnes
755 2417 880 2457 enim
912 2418 1297 2471 proconsulatum
1314 2417 1547 2457 Hilariani
1580 2423 1626 2457 et
1658 2418 1937 2471 martyrium
1960 2417 2224 2470 Perpetuae
2257 2418 2303 2457 in
2337 2419 2521 2459 initium
2545 2430 2646 2461 sae—

198 2488 290 2529 culi
313 2488 439 2530 tertii
462 2501 506 2544 p.
527 2488 635 2531 Chr.
659 2489 1005 2531 detrudendum
1028 2501 1131 2530 esse
1154 2492 1324 2544 putant
1343 2492 1372 2543 ³,
1407 2489 1489 2531 sed
1512 2489 1633 2531 haec
1656 2490 1888 2531 sententia
1912 2489 2045 2543 quasi
2074 2490 2336 2530 communis
2358 2491 2490 2532 nulla
2513 2497 2647 2533 certa

197 2560 379 2603 ratione
412 2560 618 2615 fulcitur,
652 2561 734 2603 sed
768 2573 794 2603 e
828 2562 927 2603 sola
960 2561 1235 2603 coniectura
1267 2564 1371 2603 orta
1403 2564 1488 2614 est,
1527 2573 1674 2615 qua-re
1707 2573 1812 2603 eam
1846 2561 1945 2603 sine
1978 2561 2199 2614 scrupulo
2232 2561 2562 2616 derelinquere
2596 2564 2646 2605 li·

196 2636 287 2687 cet,
321 2632 514 2675 meliore
547 2635 595 2675 et
626 2633 946 2688 probabiliore
979 2633 1189 2676 inventa.
1237 2633 1375 2675 Illam
1408 2633 1705 2686 sententiam,
1740 2644 1881 2687 quam
1903 2632 2037 2687 quasi
2065 2643 2365 2676 communem
2399 2634 2510 2683 dixi,
2545 2636 2645 2678 sola

196 2705 372 2748 mentio
404 2704 555 2749 Getae
591 2704 810 2748 Caesaris
842 2705 964 2749 tueri
996 2705 1198 2749 videtur.
1262 2704 1472 2750 Credunt
1504 2705 1643 2760 enim,
1677 2704 1845 2749 Getam
1878 2704 2041 2748 Severi
2079 2704 2226 2748 filium
2266 2709 2382 2749 natu
2414 2707 2643 2751 minorem

195 2789 289 2821 non
337 2780 447 2820 ante
488 2789 664 2820 annum
714 2777 797 2820 198
837 2789 865 2820 a
904 2780 1040 2832 patre
1079 2776 1297 2821 Caesaris
1334 2790 1506 2821 nomen
1544 2778 1800 2821 obtinuisse
1819 2779 1849 2820 ⁴.
1912 2777 1962 2819 In
2003 2788 2060 2819 ea
2093 2780 2252 2821 autem
2286 2790 2337 2821 re
2370 2778 2459 2822 hoc
2493 2780 2642 2822 solum

340 2955 353 2980 ¹
380 2957 593 3002 Inscriptio
620 2956 885 2999 Kalamensis,
913 2966 1036 3000 quam
1063 2957 1182 2992 affert
1208 2957 1448 2992 Tissotus
1475 2968 1568 3003 pag.
1597 2957 1675 3000 125,
1703 2958 1799 2991 nihil
1827 2957 1982 3002 probat,
2010 2967 2135 3001 quum
2168 2958 2419 2992 mutilissima
2445 2960 2504 2992 sit.
2558 2959 2642 2994 Tis-

199 3021 312 3053 sotus
338 3027 422 3053 non
451 3016 656 3053 haesitans
683 3027 772 3052 eam
799 3026 872 3051 suo
897 3014 1026 3052 Marte
1053 3016 1258 3061 supplevit
1285 3016 1442 3052 dicens:
1470 3016 1532 3052 Ou
1558 3022 1656 3062 peut
1676 3017 1851 3052 combler
1878 3017 1914 3051 la
1941 3016 2087 3052 lacune
2114 3028 2189 3061 par
2207 3017 2263 3052 les
2287 3025 2408 3052 mots:
2438 3017 2526 3053 Cos.
2545 3018 2641 3054 Pro-

196 3086 275 3115 cos.
302 3075 424 3115 Prov.
449 3073 535 3114 Afr.
563 3085 658 3125 pag.
689 3074 769 3114 126.
820 3073 900 3114 Sed
927 3085 1008 3124 quo
1035 3074 1124 3114 iure
1148 3075 1225 3114 hoe
1252 3076 1405 3123 fecerit,
1431 3086 1514 3114 non
1541 3076 1653 3114 dixit.

337 3135 353 3157 ²
378 3136 617 3170 Praefectus
634 3136 807 3182 legionis
825 3135 957 3169 Tert.
975 3135 1030 3169 ad
1048 3135 1165 3182 Scap.
1179 3136 1213 3180 4,
1242 3145 1362 3181 quem
1380 3135 1416 3170 G
1428 3137 1584 3180 ὅτι-88,
1611 3136 1751 3171 Jahrb.
1771 3138 1837 3170 fiir
1856 3140 1955 3182 prot.
1971 3135 2110 3170 Theol.
2125 3136 2219 3171 1876
2245 3138 2497 3183 praefectum
2526 3139 2641 3174 urbis

198 3198 313 3232 Leon
338 3198 381 3231 in
406 3198 606 3242 Hispania
631 3198 733 3231 sitae
759 3207 975 3241 perperam
1002 3198 1186 3239 coniecit,
1215 3202 1275 3231 est
1300 3199 1534 3241 praefectus
1560 3198 1755 3242 Legionis
1780 3198 2027 3239 Numidicae,
2055 3199 2173 3231 cuius
2199 3203 2334 3231 castra
2359 3200 2510 3232 stativa
2539 3199 2642 3234 The-

194 3258 331 3293 vestes
357 3258 485 3293 erant.
535 3252 809 3299 Mommsen,
836 3252 948 3292 Ram.
975 3251 1119 3291 Gesch.
1145 3253 1178 3291 V
1205 3266 1299 3302 pag.
1319 3254 1400 3292 632.
1451 3253 2040 3301 Marquardt-Momnisen,
2068 3253 2179 3291 Rom.
2200 3252 2401 3292 St.-Verw.
2429 3255 2491 3292 ed.
2512 3255 2550 3293 ΙΙ
2576 3263 2602 3294 t.
2623 3257 2641 3294 I

193 3324 287 3363 pag.
314 3314 386 3351 469
413 3314 475 3358 (4).

335 3373 351 3397 ⁸
374 3374 616 3414 Ruinart:
642 3374 762 3412 Anno
789 3375 860 3412 202
885 3375 951 3412 vel
976 3375 1056 3412 203.
1108 3374 1373 3412 Tillemont
1398 3385 1514 3411 mem.
1542 3386 1578 3421 p.
1605 3384 1635 3411 s.
1663 3375 1732 3411 205
1760 3386 1812 3411 ou
1840 3385 1918 3422 peu
1946 3374 2076 3421 apres.

333 3433 350 3456 ⁴
373 3434 527 3469 Wirth
554 3438 709 3481 quaest.
737 3434 829 3471 Sev.
856 3444 950 3483 pag.
978 3435 1035 3469 11.
