2826 3982
1399 226 1425 268 (Χ)

1388 441 1447 483 ΙΙ.

178 567 292 634 Quo
335 573 574 638 tempore
613 571 667 620 et
710 583 817 639 quo
858 566 1045 622 ordine
1087 565 1438 620 Tertullianus
1490 564 1652 618 libros
1705 562 2066 636 apologeticos
2120 568 2173 617 et
2228 562 2646 619 cohortationem
2691 626 2693 629 ¹

895 672 965 725 ad
1007 676 1260 741 martyras
1303 668 1585 741 scripserit,
1631 666 1930 742 exponitur.

1009 806 1046 847 1.
1094 803 1250 845 Libri
1290 802 1392 844 duo
1432 802 1499 844 ad
1538 801 1818 844 nationes.

320 900 622 954 Disputaturi
655 900 714 943 de
748 903 974 954 tempore,
1014 912 1105 953 quo
1134 898 1241 940 libri
1274 897 1342 940 ad
1366 897 1636 939 Nationes
1669 896 1776 939 duo
1810 896 1975 950 scripti
2004 899 2127 949 sunt,
2160 896 2367 950 primum
2388 896 2640 950 loquamur

174 974 361 1027 oportet
410 972 469 1015 de
519 971 862 1015 consuetudine
911 970 1130 1026 quadam,
1180 980 1303 1023 quae
1351 967 1479 1022 apud
1512 967 1713 1022 populos
1745 967 1966 1023 antiquos
1998 967 2209 1021 vigebat,
2258 979 2288 1010 a
2320 967 2494 1011 nostris
2525 978 2642 1010 vero

175 1043 538 1087 humanioribus
584 1043 796 1086 moribus
827 1043 970 1086 valde
1003 1041 1240 1085 abhorret.
1304 1039 1490 1082 Praelio
1539 1039 1665 1081 enim
1715 1039 1933 1082 confecto
1980 1038 2246 1082 occisorum
2286 1038 2531 1082 cadavera
2576 1038 2643 1081 in-

175 1118 342 1173 primis
389 1117 596 1160 hostium
644 1130 738 1159 non
786 1117 1139 1172 sepeliebantur
1186 1114 1396 1166 honeste,
1446 1112 1528 1154 sed
1578 1112 1740 1167 spoliis
1788 1112 1943 1155 exutis
1991 1112 2240 1155 inhumata
2287 1113 2336 1155 in
2384 1112 2514 1167 locis,
2560 1113 2641 1155 ubi

176 1192 443 1245 pugnatum
485 1192 603 1242 erat,
651 1189 699 1231 in
748 1187 1000 1231 ludibrium
1048 1190 1094 1229 et
1141 1185 1368 1241 pabulum
1417 1184 1589 1227 avibus
1622 1186 1669 1226 et
1702 1184 1866 1227 bestiis
1898 1184 2137 1239 iacebant,
2186 1184 2254 1227 ita
2286 1187 2338 1227 ut
2369 1183 2498 1227 haud
2529 1197 2638 1228 raro

176 1261 423 1303 cadavera
456 1260 701 1303 hominum
733 1263 780 1302 et
813 1271 1039 1313 equorum
1072 1270 1237 1312 sparsa
1270 1269 1356 1311 per
1389 1269 1584 1310 campos
1617 1259 1723 1311 post
1755 1257 1928 1298 multos
1961 1269 2111 1299 annos
2144 1256 2576 1311 conspicerentur1.

323 1331 414 1374 Hic
447 1344 549 1374 mos
582 1331 884 1386 antiquorum
932 1330 978 1372 in
1011 1328 1287 1372 memoriam
1320 1327 1622 1370 revocandus
1655 1332 1702 1370 et
1735 1331 1846 1371 ante
1880 1328 2043 1371 oculos
2090 1327 2340 1371 habendus
2372 1331 2458 1382 est,
2507 1328 2547 1370 si
2579 1340 2638 1371 ea

176 1403 329 1446 verba
377 1401 660 1445 Tertulliani
708 1414 830 1456 quae
879 1413 1003 1444 nunc
1051 1398 1264 1455 inprimis
1311 1398 1652 1454 perpendenda
1700 1397 1823 1453 sunt,
1872 1402 2004 1442 recte
2052 1398 2358 1454 interpretari
2405 1398 2638 1442 volumus.

175 1474 303 1517 Dicit
343 1474 471 1517 enim
503 1473 552 1516 in
585 1473 706 1516 libro
739 1473 760 1515 I
793 1473 854 1515 ad
886 1474 1001 1515 natt.
1035 1483 1139 1526 cap.
1177 1471 1252 1513 17:
1307 1469 1468 1513 Adhuc
1501 1470 1666 1526 Syriae
1700 1471 1974 1513 cadaverum
2006 1471 2221 1514 odoribus
2252 1472 2460 1527 spirant‚·
2492 1471 2641 1514 adhuc

180 1546 361 1588 Galliae
394 1546 620 1588 Rhodano
652 1560 734 1587 suo
753 1559 856 1586 Δἠοή
889 1544 1056 1586 lavant.

324 1616 460 1659 Haec
493 1615 648 1659 verba
681 1614 970 1671 ati-praelia,
1019 1613 1187 1669 quibus
1219 1612 1426 1656 Severus
1458 1613 1672 1656 aemulos
1704 1625 1826 1668 suOS,
1859 1612 2057 1668 Nigrum
2097 1615 2144 1656 et
2176 1613 2416 1669 Albinum,
2450 1625 2642 1669 supera-

178 1691 330 1742 verat,
365 1690 588 1743 spectare
621 1687 746 1729 inter
778 1698 941 1729 omnes
971 1686 1255 1740 interpretes
1287 1688 1489 1727 constat.

323 1757 532 1802 Severus
565 1758 692 1801 enim
724 1757 1060 1801 Pescennianis
1092 1768 1152 1799 ex
1185 1755 1375 1812 Europa
1408 1759 1456 1799 et
1487 1755 1603 1799 Asia
1634 1756 1851 1812 repulsis,
1901 1759 2109 1800 montem
2142 1756 2353 1800 Taurum
2393 1756 2640 1813 superavit

177 1833 225 1874 et
258 1830 477 1874 Ciliciam
510 1829 782 1887 occupavit.
845 1828 1027 1872 Deinde
1060 1839 1174 1871 vero
1207 1839 1370 1871 mense
1403 1827 1663 1872 Novembri
1711 1828 1824 1872 anni
1860 1828 1946 1873 194
1977 1839 2055 1873 res
2095 1828 2157 1873 ad
2195 1829 2414 1874 ultimum
2446 1829 2639 1874 dimica-

175 1904 317 1946 tionis
349 1903 483 1946 venit
516 1902 646 1959 apud
667 1902 833 1957 Issum,
867 1901 1089 1958 oppidum
1121 1901 1169 1943 in
1201 1900 1403 1944 confinio
1436 1900 1792 1957 provinciarum
1815 1900 1983 1956 Syriae
2016 1904 2064 1945 et
2092 1900 2288 1946 Ciliciae
2321 1902 2476 1946 situm.
2529 1901 2640 1945 Pes-

176 1975 376 2018 cennius
424 1975 577 2016 atroci
630 1974 812 2030 praelio
858 1974 1012 2015 victus
1059 1973 1335 2028 Euphraten
1368 1983 1537 2014 versus
1584 1973 1837 2028 aufugiens
1884 1973 2199 2029 interemptus
2247 1976 2332 2016 est.
2411 1973 2639 2029 Sequenti

175 2059 301 2090 anno
334 2048 363 2089 i.
398 2058 439 2089 e.
478 2047 563 2088 195
596 2058 641 2101 p.
667 2045 775 2088 Chr.
839 2045 1043 2088 Severus
1075 2044 1351 2088 Osrhoenen
1392 2044 1574 2100 recepit
1607 2047 1654 2087 et
1685 2045 1960 2088 Adiabenos
1991 2045 2272 2101 Arabesque
2306 2045 2507 2101 fugavit,
2541 2056 2636 2101 qua

173 2122 314 2172 parta
353 2118 559 2159 victoria
591 2128 765 2158 nomen
792 2117 1001 2158 Parthici
1023 2117 1305 2158 Adiabenici
1338 2119 1385 2157 et
1407 2116 1618 2158 Parthici
1640 2116 1835 2158 Arabici
1870 2117 2070 2171 sumpsit
2102 2120 2150 2159 et
2185 2118 2328 2171 paulo
2360 2120 2467 2173 post
2499 2117 2641 2172 depo-

173 2191 281 2231 suit.
345 2190 486 2231 Anno
523 2189 608 2229 196
642 2187 954 2229 Samaritanis
993 2191 1040 2229 et
1072 2188 1260 2229 Iudaeis
1300 2188 1487 2228 domitis
1527 2188 1706 2229 bellum
1747 2191 1915 2229 contra
1947 2188 2174 2230 Albinum
2207 2189 2430 2244 suscepit.
2494 2189 2641 2230 Exer-

173 2262 297 2304 citus
330 2260 637 2314 Severianus,
671 2259 839 2302 itinere
871 2272 957 2314 per
987 2260 1149 2302 Asiam
1182 2263 1229 2302 et
1261 2260 1506 2314 Illyricum
1539 2273 1725 2303 summa
1757 2273 1868 2303 cum
1900 2261 2148 2304 celeritate
2195 2265 2407 2318 peracto,
2456 2261 2640 2304 hostem

172 2334 302 2390 apud
334 2333 621 2376 Rhodanum
653 2332 837 2374 invenit
870 2336 916 2374 et
956 2332 1170 2375 immensi
1203 2332 1341 2375 clade
1374 2332 1587 2374 conflixit
1619 2332 1695 2375 die
1728 2332 1798 2374 XI
1830 2345 1873 2375 a.
1909 2331 2009 2376 Cal.
2033 2332 2231 2375 Martias
2253 2333 2367 2375 anni
2392 2333 2475 2376 197
2511 2333 2639 2391 apud

172 2405 483 2458 Trinurtium,
517 2404 743 2459 oppidum
776 2404 902 2445 haud
935 2405 1099 2459 procul
1132 2417 1161 2446 a
1192 2404 1424 2459 Lugduno
1457 2405 1519 2446 ad
1551 2404 1834 2447 Rhodanum
1868 2404 2024 2446 situm.
2301 2458 2303 2460 Ι

319 2476 551 2519 Videmus
584 2488 712 2529 ergo,
761 2475 834 2517 his
881 2476 1019 2517 annis
1054 2475 1286 2518 195—197
1336 2479 1435 2518 tam
1474 2475 1522 2518 in
1554 2475 1694 2530 Syria
1742 2489 1886 2530 quam
1934 2475 1983 2518 in
2016 2475 2173 2519 Gallia
2221 2476 2639 2520 vehementissime

173 2551 441 2603 pugnatum
474 2560 594 2589 esse.
662 2546 1085 2589 Verumenimvero
1117 2560 1210 2588 non
1243 2550 1314 2589 est
1346 2547 1532 2589 silentio
1564 2547 1983 2603 praetereundum,
2016 2546 2248 2590 Severum
2280 2548 2452 2591 iterum
2484 2549 2532 2590 id
2566 2554 2638 2591 est

172 2633 300 2663 anno
336 2620 420 2662 197
472 2622 679 2662 exeunte
728 2622 774 2660 et
806 2631 932 2661 anno
968 2619 1051 2660 198
1100 2618 1148 2660 in
1181 2619 1360 2661 oriente
1393 2619 1717 2674 belligerasse.
1782 2618 1875 2662 Sed
1908 2632 1964 2662 eo
1996 2622 2209 2675 tempore
2241 2632 2336 2662 non
2369 2624 2468 2663 tam
2501 2620 2640 2675 Syria

171 2705 318 2749 quam
335 2690 682 2748 Mesopotamia
704 2693 751 2734 et
768 2690 964 2734 Parthia
986 2690 1098 2734 belli
1121 2690 1258 2734 sedes
1291 2693 1440 2734 erant.
1493 2689 1672 2746 Quodsi
1695 2691 1814 2747 quis,
1844 2689 2046 2735 Iudaeos
2078 2691 2250 2736 iterum
2273 2694 2387 2737 tunc
2409 2705 2440 2736 a
2461 2691 2640 2737 Severo

170 2765 373 2808 domitos
412 2767 460 2807 et
499 2763 689 2820 punitos
721 2775 839 2817 esse,
889 2763 1075 2818 dixerit,
1124 2764 1436 2819 respondebo,
1484 2763 1714 2807 Iudaeam
1747 2764 1827 2806 illo
1860 2766 2074 2820 tempore
2122 2767 2312 2821 partem
2360 2752 2639 2821 provinciae

171 2837 339 2892 Syriae
372 2849 468 2879 non
501 2836 662 2890 fuisse,
696 2835 872 2890 quippe
906 2848 1028 2890 quae
1062 2839 1109 2878 et
1142 2836 1245 2890 ipsa
1278 2831 1384 2891 post
1414 2848 1595 2878 annum
1630 2836 1686 2878 70
1719 2849 1766 2891 p.
1800 2835 1909 2879 Chr.
1944 2837 2194 2892 provincia
2228 2837 2486 2880 constituta
2519 2838 2593 2881 sit.

317 2908 506 2950 Deinde
539 2906 861 2950 Tertullianus
894 2907 942 2948 in
974 2907 1094 2949 libro
1126 2907 1188 2949 ad
1210 2907 1337 2949 Natt.
1361 2907 1382 2949 I
1407 2908 1459 2950 17
1491 2908 1619 2950 bella
1652 2907 1700 2949 in
1733 2907 1872 2963 Syria
1904 2910 2040 2963 gesta
2072 2908 2225 2965 primo
2256 2908 2361 2952 loco
2392 2912 2640 2964 memorat,

172 2994 358 3037 pugnas
392 2981 440 3022 in
474 2980 634 3023 Gallia
666 2980 945 3021 commissas
977 2980 1199 3021 secundo.
1264 2979 1424 3033 Quare
1473 2980 1574 3020 eius
1607 2980 1760 3021 verba
1807 2980 1868 3021 ad
1901 2980 2081 3022 bellum
2113 2980 2364 3035 Syriacum
2402 2981 2516 3024 anni
2551 2982 2637 3024 194

171 3054 412 3108 respicere
445 3064 731 3107 persuasum
764 3052 934 3093 habeo.

317 3243 329 3267 ¹
355 3243 468 3289 Vide,
503 3253 611 3290 quae
638 3241 928 3278 Herodotus
966 3241 1115 3278 Histor.
1145 3241 1204 3277 III
1234 3241 1279 3277 12
1316 3241 1366 3278 de
1408 3241 1561 3288 praelio
1589 3241 1701 3289 apud
1727 3241 1935 3279 Pelusium
1977 3244 2190 3280 commisso
2227 3248 2267 3281 et
2295 3244 2505 3282 Tacitus
2532 3244 2639 3282 Ann.

172 3305 189 3338 I
215 3305 262 3339 62
288 3305 338 3339 de
366 3306 483 3339 clade
511 3305 692 3339 Variana
719 3308 900 3337 narrant.
