2826 3982
1391 309 1444 353 21

192 446 426 502 meritum,
474 446 524 489 in
555 446 736 501 reliquo
768 449 929 489 autem
960 445 1075 489 orbe
1107 444 1317 487 Romano
1350 443 1494 498 plane
1525 441 1735 496 ignotum
1758 442 2037 485 Bonwetsch
2070 446 2118 485 et
2139 441 2351 485 Tissotus
2383 441 2472 483 sibi
2505 453 2646 484 aucu-

192 519 292 574 pati
322 521 481 573 sunt1,
514 523 565 562 ut
595 530 706 561 eum
737 518 980 562 consulem
1013 521 1062 561 et
1093 516 1426 571 proconsulem
1443 514 1636 557 Africae
1671 514 1895 568 facerent,
1929 515 2148 568 quamvis
2176 513 2299 568 lapis
2327 513 2507 555 nullam
2530 517 2644 556 tem-

195 590 323 646 poris
368 593 530 634 notam
567 589 812 645 praebeat.
876 587 969 642 Qui
1008 591 1059 631 ut
1098 588 1229 632 circa
1268 600 1311 631 a.
1349 587 1430 630 167
1475 586 1641 630 consul
1672 586 1773 628 suff.
1807 587 1946 630 fuerit
1977 590 2025 630 et
2056 599 2143 641 per
2175 589 2273 629 tres
2306 598 2470 637 annOS,
2519 586 2643 640 quod

197 662 451 706 somniavit
473 661 696 716 Tissotus,
729 661 1026 716 provinciam
1061 660 1274 703 Africam
1306 659 1501 714 rexerit,
1535 662 1718 701 tantum
1751 659 1898 714 abest,
1931 666 1982 702 ut
2013 660 2115 702 eius
2146 671 2335 713 nomen,
2369 658 2507 700 seriei
2541 671 2644 714 pro-

194 734 440 777 consulum
472 734 666 776 Africae
698 733 800 776 sine
832 733 930 775 ulla
961 732 1144 775 ratione
1175 732 1421 786 insertum,
1454 731 1609 786 potius
1641 731 1827 773 omnino
1860 731 2111 774 delendum
2145 731 2218 773 sit.

332 795 617 849 'Crudelitati
655 803 909 858 Saturnini,
949 803 1018 848 Cl.
1050 803 1103 847 L.
1136 803 1447 857 Herminiani‚
1489 802 1683 845 Caecilii
1723 801 1944 858 Capellae
1985 803 2273 859 praesidum,
2323 802 2643 845 Tertullianus

190 877 349 932 capite
397 879 566 931 quarto
613 876 916 919 clementiam
964 879 1012 919 et
1050 875 1395 918 humanitatem
1435 874 1730 930 quorundam
1770 876 2099 930 proconsulum
2138 875 2417 931 provinciae
2450 875 2642 918 Africae

191 949 422 1004 opposuit,
470 949 551 1004 qui
594 949 654 992 de
693 948 972 992 Christianis
1009 948 1058 990 in
1097 947 1323 990 iudicium
1362 948 1547 990 vocatis
1588 959 1873 1001 cognoscere
1914 949 2066 992 coacti
2105 952 2187 991 aut
2221 948 2642 991 dissimulaverunt

190 1026 274 1064 aut
310 1021 381 1077 iis,
429 1022 542 1077 quid
580 1021 833 1065 dicendum
873 1024 1011 1076 esset,
1053 1023 1104 1063 ut
1136 1020 1322 1063 absolvi
1354 1025 1560 1077 possent,
1608 1020 1698 1077 ipsi
1730 1026 2076 1076 suggesserunt.
2141 1021 2178 1063 E
2211 1033 2412 1077 quorum
2446 1032 2641 1064 numero

191 1098 329 1137 erant
361 1094 551 1137 Cincius
582 1094 788 1136 Severus
820 1098 867 1136 et
899 1094 1189 1149 Vespronius
1222 1093 1463 1136 Candidus
1496 1097 1542 1134 et
1574 1093 1739 1148 Asper.
1803 1093 1936 1147 Quae
1969 1095 2027 1136 de
2065 1106 2227 1136 eorum
2261 1094 2373 1135 vitis
2412 1097 2459 1135 et
2497 1094 2641 1135 cursi-

191 1166 280 1209 bus
311 1166 541 1209 honorum
573 1166 702 1222 apud
732 1166 1034 1209 historiarum
1067 1166 1323 1221 scriptores
1363 1169 1411 1207 et
1451 1166 1499 1207 in
1532 1167 1844 1207 monumentis
1876 1167 2194 1220 inveniuntur,
2229 1167 2329 1208 fere
2363 1166 2485 1208 haec
2517 1171 2640 1207 sunt.

336 1238 526 1282 Cincius
545 1240 562 1265 ²
593 1239 737 1293 igitur
768 1238 987 1292 Severus,
1022 1238 1102 1292 qui
1131 1237 1334 1292 Thysdri
1367 1237 1646 1280 Christianis
1678 1238 1778 1292 ipse
1812 1239 1937 1280 dedit
1969 1239 2244 1291 remedium,
2279 1238 2514 1292 quomodo
2547 1250 2642 1280 res-

191 1310 467 1365 ponderent,
516 1313 567 1353 ut
599 1310 770 1352 dimitti
802 1314 1007 1365 possent,
1056 1321 1111 1352 eo
1145 1321 1285 1363 anno,
1336 1321 1427 1364 quo
1463 1307 1742 1352 Commodus
1774 1310 1956 1352 occisus
1989 1314 2073 1363 est,
2107 1316 2300 1353 senator
2332 1313 2379 1352 et
2412 1309 2639 1364 pontifex,

190 1382 238 1424 in
270 1382 403 1424 illum
435 1382 592 1425 animo
624 1382 795 1424 infesto
827 1386 944 1424 erat.
1007 1382 1165 1436 Atque
1199 1382 1343 1424 etiam
1382 1381 1505 1423 inter
1542 1381 1840 1423 adversarios
1872 1380 2035 1424 Severi
2073 1382 2397 1424 numerandus
2437 1389 2522 1433 est,
2572 1384 2639 1423 ut-

191 1458 300 1509 pote
333 1466 362 1496 a
394 1453 570 1497 Severo
603 1466 728 1496 anno
764 1454 844 1497 197
879 1454 1177 1507 interfectus,
1210 1453 1291 1508 qui
1323 1465 1430 1497 eum
1463 1453 1726 1506 incusabat,
1761 1454 1882 1507 quod
1916 1466 1965 1496 se
1998 1466 2183 1496 veneno
2216 1454 2478 1508 adpetisset
2498 1456 2527 1495 ³.

334 1525 492 1568 Hostis
515 1525 680 1569 Severi
711 1526 791 1568 ille
824 1537 1010 1580 quoque
1042 1537 1239 1580 praeses
1274 1525 1466 1568 Africae
1500 1528 1615 1578 erat,
1650 1538 1790 1579 quem
1814 1524 2129 1568 Tertullianus
2162 1525 2371 1568 secundo
2404 1526 2508 1568 loco
2542 1526 2639 1567 lau-

193 1597 288 1651 dat,
312 1597 602 1653 Vespronius
621 1597 877 1652 Candidus,
911 1600 1050 1639 vetus
1082 1597 1360 1638 consularis.
1409 1596 1500 1650 Qui
1533 1609 1675 1651 quum
1709 1597 1994 1652 parsimonia
2017 1600 2064 1639 et
2096 1597 2373 1639 austeritate
2406 1597 2638 1639 invidiam

191 1669 392 1711 militum
424 1670 472 1711 in
505 1682 556 1712 se
589 1670 888 1724 concitasset,
922 1670 1050 1712 haud
1083 1670 1283 1712 multum
1316 1670 1480 1723 abfuit,
1520 1670 1630 1724 quin
1671 1671 1731 1712 ab
1769 1670 1825 1711 iis
1857 1683 1979 1712 anno
2017 1670 2100 1711 193
2133 1674 2401 1712 necaretur.
2467 1670 2638 1712 Postea

191 1753 336 1796 quum
367 1742 546 1785 Romae
578 1742 891 1796 nuntiaretur,
924 1741 1154 1784 Severum
1187 1754 1215 1784 a
1238 1742 1420 1784 Iuliano
1443 1742 1699 1784 descivisse
1723 1748 1769 1783 et
1791 1754 1898 1783 cum
1932 1742 2143 1784 exercitu
2162 1741 2361 1784 Romam
2384 1742 2636 1797 proficisci,

189 1826 219 1855 a
258 1817 426 1855 senatu
464 1813 641 1856 Severo
679 1814 870 1856 obviam
903 1814 1072 1856 missus
1104 1817 1175 1856 est
1208 1826 1317 1855 cum
1350 1814 1454 1855 aliis
1487 1814 1673 1867 legatis,
1707 1814 1785 1868 qui
1819 1814 2043 1855 militibus
2076 1814 2435 1869 persuaderent,
2470 1817 2522 1856 ut
2559 1813 2637 1856 Se-

189 1897 358 1928 verum
389 1886 697 1940 repudiarent
728 1889 775 1928 et
807 1886 1066 1940 efficerent,
1101 1890 1152 1927 ut
1184 1886 1223 1927 is
1253 1889 1377 1927 esset
1409 1886 1678 1941 imperator,
1712 1898 1853 1940 quem
1885 1890 2078 1927 senatus
2101 1887 2322 1940 elegisset
2339 1888 2371 1927 ⁴.
2420 1886 2534 1928 Viro
2567 1899 2637 1928 se-

189 1957 360 1999 natorii
400 1957 589 2012 ordinis,
637 1957 717 2012 qui
755 1958 1040 2011 legationem
1079 1961 1177 2000 tam
1216 1957 1531 2012 periculosam
1570 1964 1860 2012 susceperat,
1909 1958 2022 1999 ultio
2055 1957 2219 1999 Severi
2260 1962 2390 2000 certo
2423 1959 2637 2001 timenda

189 2032 305 2082 erat,
354 2029 554 2083 ideoque
586 2029 899 2084 Vespronium
933 2028 1196 2071 Candidum
1228 2041 1321 2071 non
1355 2030 1479 2070 ultra
1511 2041 1688 2071 annum
1724 2030 1822 2083 198,
1871 2041 1962 2084 quo
2002 2041 2125 2070 anno
2159 2028 2363 2071 Severus
2395 2034 2503 2085 post
2535 2030 2636 2073 vin-

188 2101 394 2143 demiam
426 2101 772 2155 parricidarum
803 2102 1175 2143 racemationem
1207 2102 1352 2154 illam,
1387 2101 1446 2142 de
1478 2113 1574 2154 qua
1607 2113 1751 2155 supra
1784 2102 1928 2143 locuti
1957 2113 2132 2154 sumus,
2167 2102 2292 2155 fecit,
2326 2103 2503 2144 vixisse
2527 2115 2636 2145 con-

188 2172 442 2215 iiciendum
480 2176 566 2215 est.
629 2171 721 2215 Sed
757 2173 871 2227 quia
908 2173 1031 2215 inter
1068 2173 1250 2215 occisos
1288 2184 1443 2227 neque
1482 2185 1512 2214 a
1544 2171 1795 2227 Spartiano
1815 2173 1831 2197 ⁵
1869 2184 2025 2227 neque
2063 2185 2093 2214 a
2125 2173 2297 2215 ceteris
2330 2174 2639 2228 scriptoribus

188 2245 289 2288 eius
320 2245 545 2301 temporis
576 2248 866 2300 numeratur,
915 2258 1023 2288 eum
1060 2249 1211 2288 morte
1254 2247 1365 2288 ante
1397 2245 1445 2287 id
1477 2248 1664 2300 tempus
1698 2248 2005 2299 praereptum
2037 2257 2141 2287 esse
2175 2248 2301 2299 puto.
2365 2246 2428 2288 Ut
2460 2247 2506 2288 id
2540 2259 2640 2290 cre-

190 2317 315 2372 dam,
361 2329 416 2360 eo
449 2317 635 2360 facilius
667 2317 890 2372 adducor,
938 2317 1051 2372 quia
1081 2316 1177 2360 iam
1208 2317 1346 2360 annis
1377 2317 1538 2359 multis
1570 2320 1801 2370 gravatus
1834 2323 1951 2359 erat.
2014 2316 2331 2371 Monumento,
2373 2319 2498 2372 quod
2530 2319 2639 2361 Bor—

185 2387 378 2442 ghesius
410 2388 534 2431 intra
567 2400 716 2431 annos
752 2388 985 2431 183—185
1018 2392 1231 2432 erectum
1263 2400 1367 2431 esse
1401 2389 1761 2441 demonstravit,
1802 2400 1909 2430 eum
1943 2389 2030 2430 sub
2064 2389 2224 2432 Marco
2258 2390 2449 2432 Aurelio
2483 2391 2639 2433 fasces

187 2459 341 2513 egisse
373 2460 603 2515 probatur
621 2462 651 2502 ⁶.
758 2513 761 2516 Α
953 2456 955 2458 ’

330 2529 425 2572 Sub
457 2531 646 2572 nomine
677 2531 833 2586 Aspri,
867 2543 1008 2585 quem
1041 2531 1361 2590 Tertullianus
1394 2530 1560 2573 eodem
1594 2531 1698 2572 loco
1738 2531 1926 2573 tertium
1967 2531 2230 2574 fautoribus
2263 2531 2636 2575 Christianorum

186 2601 415 2656 adiunxit,
449 2601 499 2643 C.
533 2602 703 2644 Iulium
734 2602 955 2657 Asprum,
994 2603 1075 2657 qui
1107 2615 1232 2645 anno
1265 2603 1352 2645 212
1386 2603 1684 2644 consulatum
1717 2602 1886 2644 iterum
1918 2602 2120 2657 adeptus
2153 2605 2238 2656 est,
2278 2604 2440 2658 latere,
2474 2617 2636 2646 omnes

188 2672 472 2728 interpretes
504 2674 818 2716 consentiunt.
881 2674 954 2717 De
987 2686 1044 2717 eo
1059 2674 1149 2717 Dio
1168 2674 1362 2717 Cassius
1386 2674 1622 2730 quaedam
1654 2674 1811 2728 refert,
1846 2685 1969 2729 quae
1991 2674 2177 2717 etiamsi
2199 2674 2261 2717 ad
2292 2687 2392 2718 rem
2426 2680 2635 2719 nostram

192 2758 286 2786 non
318 2746 603 2800 pertineant,
637 2750 900 2788 memoratu
933 2751 1097 2789 tamen
1129 2749 1274 2801 digna
1305 2748 1541 2790 videntur.
1605 2747 1871 2788 Secundum
1893 2747 2093 2789 Dionem
2126 2748 2228 2803 ipse
2261 2760 2368 2790 cum
2401 2749 2507 2790 filiis
2539 2750 2635 2790 suis

328 2985 341 3010 ¹
367 2987 654 3022 Bonwetsch
681 2997 775 3032 pag.
803 2987 857 3021 73.
910 2986 1084 3021 Tissot.
1112 2998 1207 3031 pag.
1236 2987 1314 3021 131.

326 3044 342 3070 ‘-'
367 3045 537 3083 Aelius
562 3045 750 3093 Lampr.
778 3045 885 3083 Com.
913 3058 945 3082 c.
972 3046 1029 3082 20.
1083 3046 1180 3082 Eius
1214 3057 1364 3083 nomen
1396 3048 1472 3083 hoc
1507 3049 1595 3083 loco
1624 3048 1791 3093 Cingius
1826 3048 2018 3093 scriptum
2053 3053 2123 3091 est,
2159 3058 2264 3092 quae
2296 3048 2461 3093 scriptio
2493 3060 2635 3084 secun-

183 3107 280 3143 dum
316 3107 606 3143 casaubonum
643 3117 727 3143 non
761 3107 905 3152 obstat,
939 3107 1156 3152 quominus
1193 3107 1367 3143 eundem
1402 3112 1592 3154 putemus
1625 3118 1672 3142 ac
1700 3117 1823 3153 supra
1848 3106 2010 3141 dictum.
2062 3106 2106 3141 V.
2135 3106 2331 3142 Oehler.
2359 3106 2466 3143 Tert.
2496 3119 2588 3156 opp.
2618 3109 2634 3144 I

183 3178 278 3215 pag.
303 3168 375 3203 546
400 3172 499 3203 nota
525 3178 557 3203 c.

328 3226 343 3249 ³
368 3226 523 3275 Spart.
552 3227 643 3265 SeV.
671 3229 727 3273 13,
754 3229 786 3263 9.

325 3287 341 3311 ⁴
368 3287 534 3334 Spart.
561 3288 708 3324 Didius
733 3289 806 3324 Iul.
834 3301 866 3324 c.
892 3290 926 3334 5,
953 3290 986 3324 6.
1037 3289 1129 3323 Dio
1154 3289 1210 3332 73,
1239 3289 1293 3322 13.

326 3346 342 3371 ⁵
366 3347 433 3384 Id.
460 3346 553 3385 Sev.
581 3359 613 3385 c.
642 3348 698 3385 13.

329 3406 345 3431 ⁰
371 3407 411 3445 C.
439 3407 467 3444 Ι.
494 3406 539 3444 L.
567 3407 625 3445 ΠΙ
653 3408 756 3446 1092.
