2826 3982
303 1115 991 1183 CHRONOLOGIAE
1045 1115 1797 1183 'PERTULLIANEAE
1846 1113 2513 1183 SUPPLEMEN'PA.

1180 1329 1628 1382 PROOEMIUM.

323 1474 396 1518 De
429 1474 719 1519 Tertulliano
767 1475 994 1530 quidquid
1041 1475 1273 1528 novimus,
1322 1473 1408 1514 soli
1456 1474 1557 1515 fere
1589 1473 1880 1525 Hieronymo
1929 1474 2171 1525 debemus,
2222 1474 2302 1526 qui
2350 1474 2451 1515 eius
2486 1474 2634 1515 vitam

176 1545 459 1590 brevissime
508 1546 828 1602 conscriptam
874 1546 1102 1600 Catalogo
1135 1547 1346 1587 virorum
1393 1546 1644 1586 illustrium
1694 1546 1905 1585 inseruit.
1970 1545 2018 1586 si
2065 1546 2178 1598 quid
2228 1546 2353 1586 ultra
2400 1549 2634 1599 optamus,

176 1618 459 1661 Tertulliani
491 1618 637 1674 ipsius
664 1618 821 1672 libros,
861 1621 1216 1673 perscrutemur
1247 1620 1445 1672 oportet.
1494 1617 1742 1658 Neminem
1776 1617 1917 1670 enim,
1951 1617 2032 1670 qui
2064 1617 2112 1658 in
2145 1617 2202 1658 iis
2235 1617 2314 1659 vel
2346 1617 2498 1660 obiter
2530 1629 2636 1659 ver-

176 1694 310 1731 satus
342 1690 416 1744 sit,
450 1690 612 1744 fugiet,
645 1702 723 1731 eos
755 1690 990 1732 artissimo
1030 1693 1076 1731 et
1113 1689 1364 1743 multiplici
1396 1701 1524 1731 nexu
1556 1701 1666 1731 cum
1700 1689 1801 1731 vita
1834 1688 2106 1743 cohaerere,
2155 1701 2299 1743 quum
2337 1689 2443 1731 aliis
2475 1701 2634 1744 perse-

175 1767 396 1804 cutorum
444 1763 588 1803 animi
637 1762 1016 1814 demulceantur,
1066 1761 1147 1803 alii
1194 1761 1426 1803 adversus
1472 1759 1740 1803 haereticos
1788 1758 1913 1803 illius
1961 1759 2186 1816 temporis
2234 1760 2503 1816 conscripti,
2553 1760 2634 1805 alii

178 1837 243 1877 ad
286 1836 569 1877 erudiendos
616 1835 781 1877 fideles
820 1838 867 1876 et
899 1834 1268 1877 catechumenos
1301 1834 1400 1888 apti
1444 1833 1549 1887 sint,
1584 1832 1689 1876 aliis
1731 1831 1848 1876 vitia
1880 1835 1979 1876 tum
2012 1831 2280 1887 grassantia
2324 1832 2633 1888 castigentur.

177 1908 252 1950 Ita
286 1908 466 1950 factum
499 1912 584 1961 est,
634 1910 684 1949 ut
716 1919 875 1949 rerum
907 1909 1006 1950 tam
1039 1905 1087 1949 in
1119 1905 1220 1950 vita
1252 1905 1443 1961 privata
1490 1906 1668 1950 autoris
1716 1918 1860 1962 quam
1906 1906 1955 1950 in
2003 1906 2251 1963 republica
2298 1905 2377 1949 illo
2419 1908 2633 1963 tempore

175 1983 421 2033 gestarum
454 1979 631 2034 passim
664 1979 712 2021 in
744 1978 801 2022 iis
833 1978 1009 2022 mentio
1042 1978 1138 2031 fiat,
1172 1977 1390 2033 variique
1423 1990 1576 2034 casus,
1611 1978 1690 2034 qui
1724 1979 1802 2023 vel
1834 1978 1883 2023 in
1916 1978 2032 2023 urbe
2055 1978 2205 2023 Roma
2238 1979 2316 2022 vel
2348 1978 2396 2021 in
2430 1978 2628 2022 civitate

176 2051 563 2106 Carthaginiensi
594 2051 888 2106 acciderunt,
922 2050 970 2094 in
1002 2063 1219 2094 sermone
1251 2049 1452 2094 strictim
1485 2050 1793 2106 attingantur.

321 2123 413 2166 Eos
445 2135 584 2178 porro
616 2124 757 2177 lOCOS,
806 2123 887 2178 qui
934 2123 994 2164 ad
1027 2124 1148 2164 tales
1180 2135 1320 2164 casus
1367 2126 1449 2165 aut
1482 2126 1683 2164 eventus
1715 2124 1988 2177 respiciunt,
2037 2124 2099 2165 ad
2147 2124 2482 2177 investiganda
2516 2129 2633 2165 tem-

175 2207 306 2249 pora,
340 2195 511 2249 quibus
543 2195 715 2248 singuli
746 2195 853 2236 libri
886 2194 1143 2249 conscripti
1175 2197 1297 2248 sunt,
1347 2194 1488 2236 valde
1541 2195 1680 2236 utiles
1728 2195 1871 2236 immo
1919 2195 2216 2237 necessarios
2249 2207 2354 2236 esse
2388 2207 2527 2236 nemo
2560 2199 2634 2236 est

174 2266 257 2320 qui
289 2266 485 2309 nesciat.
550 2265 686 2319 Quae
718 2278 863 2320 quum
910 2265 977 2308 ita
1024 2265 1130 2320 sint,
1180 2265 1236 2320 ei,
1285 2265 1365 2320 qui
1413 2277 1504 2320 quo
1553 2268 1765 2319 tempore
1805 2265 1978 2318 singuli
2010 2266 2292 2308 Tertulliani
2325 2266 2433 2307 libri
2467 2266 2633 2320 scripti

174 2336 282 2392 sint,
316 2336 525 2379 funditus
557 2336 847 2392 perscrutari
879 2336 1049 2391 studet,
1098 2335 1221 2379 duae
1254 2335 1393 2379 simul
1425 2336 1701 2391 provinciae
1740 2340 1847 2377 sunt
1886 2338 2233 2392 suscipiendae.
2298 2338 2508 2377 Primum
2542 2338 2633 2378 ista

174 2408 352 2451 indicia
386 2410 432 2451 et
465 2408 599 2463 quasi
632 2408 1095 2463 vestigiatemporis
1127 2408 1189 2450 ad
1221 2420 1367 2449 unum
1400 2408 1557 2450 omnia
1590 2408 1884 2461 investigare
1918 2411 1965 2450 et
1998 2408 2225 2462 colligere
2259 2409 2416 2462 debet,
2459 2410 2631 2450 deinde

176 2490 292 2523 vero
324 2484 455 2523 recte
489 2490 548 2523 ea
578 2480 895 2535 interpretari.
959 2480 1088 2522 Bene
1121 2484 1281 2522 autem
1313 2479 1513 2534 intelligi
1546 2493 1639 2520 non
1662 2483 1871 2535 possunt,
1906 2480 1995 2519 nisi
2029 2480 2226 2520 historia
2249 2481 2360 2521 aevi
2383 2480 2632 2521 Severiani

174 2563 320 2606 quam
354 2551 711 2594 accuratissime
743 2554 999 2606 perspecta
1032 2554 1079 2593 et
1112 2552 1375 2606 explorata.

320 2622 556 2665 Historiae
578 2621 743 2665 Severi
775 2622 1075 2677 imperatoris
1097 2623 1370 2665 accuratius
1392 2623 1783 2677 conscribendae,
1817 2623 2204 2678 temporibusque
2227 2624 2399 2678 quibus
2423 2625 2632 2679 quidque

172 2696 356 2738 factum
388 2694 460 2749 sit,
509 2693 853 2750 perquirendis,
883 2693 957 2737 his
996 2693 1179 2738 duobus
1212 2694 1454 2739 decenniis
1486 2696 1646 2751 plures
1680 2695 1770 2738 viri
1803 2695 1929 2739 docti
1961 2695 2320 2750 incubuerunt1,
2370 2708 2395 2739 e
2428 2708 2631 2751 quorum

176 2767 418 2811 laboribus
455 2766 715 2811 maximum
763 2779 838 2810 me
882 2765 931 2810 in
977 2765 1070 2810 hac
1117 2778 1169 2811 re
1204 2767 1409 2811 fructum
1442 2767 1715 2824 percepisse
1748 2766 1948 2823 gaudeo.
2012 2767 2204 2811 Partem
2237 2768 2428 2824 quidem
2461 2768 2630 2811 horum

323 2959 335 2981 ¹
371 2960 591 2994 Hoefner
630 2959 678 2993 M.
702 2959 751 3001 J.,
791 2959 1165 3003 Untersuchungen
1205 2969 1278 2991 zur
1317 2958 1461 2993 Gesch.
1503 2960 1575 2993 des
1616 2960 1781 2994 Kaisers
1824 2960 1866 2994 1..
1901 2959 2120 3004 Septimius
2160 2958 2338 2995 Severus
2376 2959 2462 2995 und
2502 2960 2637 2996 seium·

175 3020 387 3064 Dynastie,
414 3019 586 3054 Giessen
614 3019 812 3053 1872—75.

368 3079 541 3124 Duruy
560 3079 617 3122 N.,
645 3078 822 3125 Septime
847 3076 1010 3115 severe.
1064 3076 1165 3114 Vide
1198 3076 1341 3114 Revue
1369 3077 1593 3124 historique
1624 3083 1650 3115 t.
1670 3078 1756 3115 VII.
1786 3079 1943 3116 scetion
1971 3078 2009 3115 II
2048 3090 2142 3127 pag.
2161 3079 2269 3116 241-
2283 3079 2365 3124 315,
2393 3079 2509 3115 Paris
2532 3080 2634 3115 18T8.

363 3137 431 3174 De
450 3137 731 3175 Ceuleneer
757 3137 863 3182 Ad.,·
880 3138 995 3173 Essai
1022 3147 1091 3173 sur
1118 3138 1155 3172 la
1175 3138 1241 3172 vie
1267 3141 1306 3172 et
1333 3138 1380 3172 le·
1397 3138 1526 3183 regne
1553 3139 1603 3174 de
1631 3138 1811 3185 septime,
1830 3138 1996 3176 Severe.
2036 3139 2230 3176 Memoire
2258 3141 2467 3175 couroum'·
2496 3151 2570 3186 par
2598 3141 2634 3174 la

174 3199 304 3234 classe
333 3200 404 3234 des
431 3199 569 3234 lettres
596 3199 647 3234 de
674 3199 908 3234 l'academie
935 3198 1087 3243 royale.
1137 3196 1348 3232 Bruxelles
1376 3198 1480 3242 1880,
1507 3202 1532 3232 t.
1560 3197 1705 3242 XLIII,
1735 3204 1837 3245 part.
1865 3199 1915 3243 II,
1943 3210 2037 3245 pag.
2067 3200 2219 3235 1—314.

361 3259 519 3294 Fuchs
546 3259 616 3294 Dr.
642 3259 701 3302 K„
728 3258 969 3295 Geschichte
995 3258 1067 3293 des
1092 3257 1257 3292 Kaisers
1280 3257 1328 3291 L.
1357 3256 1576 3302 Septimius
1603 3256 1793 3302 Severus,
1823 3258 1942 3296 Wien
1971 3260 2076 3303 1884,
2106 3259 2342 3306 Konegen's
2370 3260 2531 3307 Verlag·.

360 3318 513 3355 Wirth
533 3317 671 3363 Albr.,
699 3318 967 3362 Quaestiones
985 3316 1242 3355 Severianae.
1286 3316 1451 3353 Dissert.
1473 3317 1559 3353 hist.
1597 3316 1723 3352 Bonn.
1761 3318 1939 3354 Heurico
1959 3319 2104 3355 Nissen
2124 3320 2312 3355 dedicata
2333 3320 2500 3355 Bonnae
2524 3321 2626 3355 1888.
