2826 3982
1359 265 1387 305 4

144 401 387 443 fructuum
421 401 516 443 iam
549 400 627 442 alii
670 400 784 442 mihi
819 399 1198 455 praeripuerunt,
1248 398 1546 453 Bonwetsch,
1595 399 1671 442 vir
1707 400 1962 444 admodum
1995 400 2174 456 doctus,
2223 403 2270 444 et
2297 399 2602 444 Noeldechen

142 471 428 526 scriptorum
451 471 879 513 Tertullianeorum
914 471 1252 524 sagacissimus
1285 473 1648 526 perscrutator1.
1697 472 1923 514 Attamen
1955 473 2328 515 racemationem
2359 472 2602 526 quandam

141 543 209 586 illi
241 543 356 586 mihi
389 543 695 597 reliquerunt,
737 554 880 597 quam
914 542 1122 585 faciendi
1162 542 1240 586 hic
1274 542 1375 585 dies
1407 554 1637 597 perquam
1676 543 1916 585 sollemnis
1948 543 2248 587 occasionem
2282 544 2488 587 faustam
2520 542 2601 585 diu

141 618 355 671 optatam
388 614 501 658 mihi
533 614 747 669 praebet.

286 687 420 730 Haec
452 686 712 741 praefatus,
762 686 809 729 in
858 687 1203 741 prosequendis
1251 686 1324 731 his
1356 687 1499 731 rebus
1531 699 1638 731 eam
1671 686 1801 731 viam
1834 698 2021 743 sequar,
2069 688 2121 730 ut
2158 699 2282 743 quae
2315 688 2374 732 de
2407 687 2602 732 chrono-

144 759 271 813 logia
305 758 627 802 Tertullianea
675 758 754 801 vel
787 771 817 803 a
849 758 1130 815 memetipso
1162 759 1243 803 vel
1290 759 1352 803 ab
1401 759 1506 803 aliis
1553 762 1684 803 recte
1716 758 1811 803 iam
1844 758 2084 816 disputata
2116 757 2340 803 videntur
2370 761 2601 816 repetam,

145 831 329 886 reliqua
363 831 614 884 corrigam,
649 831 886 885 quaedam
921 843 1036 873 vero
1070 844 1197 873 nova
1230 831 1356 873 haud
1390 832 1672 887 spernenda,
1706 831 1884 887 opinor,
1918 831 2106 873 addam.

1358 1191 1391 1231 Ι.

209 1302 429 1360 Librum
474 1299 565 1359 ‘de
612 1302 791 1375 pallio'
851 1310 1047 1361 aestate
1090 1303 1211 1359 anni
1261 1301 1369 1360 193
1416 1322 1463 1376 p.
1511 1302 1634 1359 Chr.
1678 1322 1707 1358 a
1752 1303 2073 1359 Tertulliano
2113 1304 2361 1377 scriptum
2413 1321 2546 1370 esse,

1239 1395 1505 1451 evincitur.

286 1522 360 1564 Ad
385 1521 724 1564 stabiliendum
748 1521 960 1563 ordinem
994 1521 1379 1575 chronologicum
1403 1521 1532 1563 vitae
1567 1524 1613 1563 et
1636 1520 1918 1576 scriptorum
1942 1519 2219 1562 Tertulliani
2243 1532 2351 1562 eum
2374 1519 2601 1574 libellum,

143 1594 223 1648 qui
257 1594 515 1648 inscriptus
561 1596 632 1635 est
666 1593 737 1635 ‘de
770 1593 940 1648 pallio',
988 1593 1130 1634 valde
1179 1593 1340 1635 utilem
1390 1606 1507 1647 esse,
1557 1594 1683 1635 omni
1722 1593 1771 1634 vi
1811 1593 2059 1634 contendo.
2123 1593 2288 1634 Insunt
2335 1592 2461 1634 enim
2509 1592 2602 1633 duo

141 1665 234 1708 loci
268 1664 682 1720 praestantissimi,
716 1665 795 1720 qui
830 1664 1066 1720 temporis,
1100 1677 1190 1719 quo
1224 1664 1429 1720 scriptus
1462 1665 1534 1719 sit,
1569 1664 1883 1707 certissimam
1916 1666 2078 1707 notam
2111 1664 2351 1707 exhibent.

287 1735 498 1790 Quorum
533 1737 745 1778 locorum
778 1737 912 1791 alter,
946 1749 1037 1791 quo
1062 1736 1405 1778 Tertullianum
1439 1737 1639 1779 formam
1672 1736 1967 1791 reipublicae
2000 1736 2079 1778 illo
2112 1739 2325 1790 tempore
2357 1736 2602 1789 vigentem

141 1808 467 1863 descripsisse,
500 1808 594 1850 viri
627 1808 752 1850 docti
786 1809 846 1850 ad
881 1821 1023 1850 unum
1056 1821 1218 1850 omnes
1251 1808 1565 1862 consentiunt,
1599 1808 1773 1862 legitur
1804 1821 1910 1862 cap.
1944 1808 1992 1850 2:
2040 1807 2301 1862 „Quantum
2333 1807 2603 1864 reformavit

141 1881 264 1924 orbis
296 1881 529 1924 saeculum
562 1881 712 1923 istud!
744 1880 973 1930 Quantum
1006 1881 1184 1922 urbium
1218 1886 1297 1922 aut
1323 1881 1551 1937 produoeit
1583 1885 1663 1923 aut
1696 1880 1830 1923 aum}
1877 1885 1957 1923 aut
2004 1880 2205 1923 reddidit
2229 1880 2489 1936 praesentis
2520 1879 2601 1922 im-

132 1954 260 2010 perii
293 1954 468 2009 tripleoe
501 1954 660 2005 virtus,
694 1954 794 1996 Deo
829 1958 891 1996 tot
923 1952 1142 2010 Auqustis
1175 1954 1223 1996 in
1256 1968 1397 1996 unum
1427 1953 1665 2010 facentest‘
1729 1952 1802 1995 Ex
1834 1952 1907 1995 his
1940 1952 2102 1996 verbis
2134 1951 2426 2007 intelligitur,
2459 1951 2601 1995 istum

141 2023 357 2068 libellum
389 2027 506 2068 tunc
539 2024 747 2068 maxime
782 2024 1100 2080 conscriptum
1136 2037 1253 2077 esse,
1288 2037 1433 2080 quum
1466 2025 1716 2081 imperium
1740 2024 2004 2068 Romanum
2036 2026 2134 2068 tres
2154 2023 2393 2080 Augustos
2426 2027 2473 2067 et
2504 2025 2603 2067 tres

140 2096 456 2151 imperatores
487 2096 711 2150 habebat,
746 2096 869 2150 quod
902 2096 1091 2151 quidem
1126 2108 1180 2139 eo
1213 2097 1439 2152 temporis
1472 2097 1639 2153 spatio,
1674 2109 1765 2152 quo
1789 2087 2110 2139 Tertullianus
2142 2096 2346 2153 scriptor
2378 2096 2603 2139 ecclesia-

140 2167 288 2210 sticus
321 2168 538 2221 florebat,
573 2167 646 2210 bis
679 2167 854 2210 evenit.

286 2239 404 2281 Tres
439 2251 544 2281 esse
577 2239 815 2292 Augustos
849 2245 895 2280 et
928 2239 1239 2293 imperatores
1272 2240 1398 2281 orbis
1431 2240 1635 2294 primum
1668 2240 1934 2281 mirabatur
1965 2253 2090 2281 anno
2123 2253 2168 2294 p.
2194 2238 2303 2282 Chr.
2341 2239 2439 2292 193,
2474 2251 2602 2281 men-

144 2311 276 2352 sibus
309 2310 463 2365 Aprili
512 2314 560 2352 et
592 2310 731 2352 Maio,
796 2309 964 2352 Occiso
1013 2310 1138 2352 enim
1186 2324 1214 2352 a
1263 2312 1578 2364 praetorianis
1626 2312 1686 2353 M.
1720 2312 1891 2353 Helvio
1924 2311 2189 2365 Pertinace,
2238 2310 2342 2353 viro
2375 2310 2601 2364 antiquae

144 2382 465 2435 strenuitatiS,
516 2381 596 2436 qui
645 2381 880 2436 perditum
929 2382 1221 2436 reipublicae
1270 2385 1445 2425 statum
1494 2383 1541 2425 in
1574 2383 1824 2438 pristinum
1857 2382 2108 2425 restituere
2141 2381 2401 2436 studuerat,
2434 2380 2603 2423 Didius

142 2455 370 2508 Iulianus,
413 2456 607 2495 senator
639 2454 994 2506 sexagenarius,
1044 2454 1263 2495 aut-tione
1298 2455 1469 2496 venale
1503 2455 1753 2509 imperium
1786 2455 1875 2496 sibi
1908 2454 2021 2496 emit
2054 2454 2130 2496 die
2163 2453 2242 2495 IV.
2276 2466 2319 2495 a.
2354 2452 2453 2495 Cal.
2486 2453 2600 2507 Apr.

144 2525 384 2580 pollicitus
418 2524 535 2566 dare
568 2524 766 2577 singulis
798 2524 1024 2566 militibus
1057 2537 1224 2567 aureos
1257 2526 1355 2566 250.
1419 2525 1523 2568 Hac
1557 2526 1825 2568 conditione
1858 2526 1920 2567 ab
1955 2526 2046 2567 illis
2079 2526 2126 2567 in
2159 2525 2409 2580 imperium
2442 2525 2602 2565 subro-

140 2600 280 2651 gatus
329 2610 358 2638 a
391 2595 571 2638 Senatu
619 2596 964 2651 perterrefacto
1010 2596 1201 2639 tandem
1251 2597 1557 2640 confirmatus
1593 2600 1678 2640 est.
1742 2597 1948 2652 Populus
1995 2599 2155 2640 autem
2194 2596 2433 2639 Romanus
2479 2596 2603 2639 haec

141 2669 335 2723 indigne
384 2668 545 2711 ferens
585 2667 900 2710 Percennium
938 2667 1150 2721 Nigrum,
1199 2668 1279 2722 qui
1327 2671 1426 2711 tum
1475 2669 1706 2711 exercitui
1740 2668 1936 2723 Syriaco
1968 2671 2205 2724 praeerat,
2245 2668 2517 2722 advocavit,
2551 2671 2603 2709 ut

139 2741 491 2796 rempublicam
531 2740 578 2782 in
611 2739 856 2783 meliorem
889 2740 1089 2783 formam
1124 2740 1401 2794 redigerem
1466 2739 1590 2783 Dum
1623 2740 1743 2783 haec
1776 2740 1954 2785 Romae
1986 2743 2229 2796 geruntur,
2263 2740 2314 2784 L.
2348 2740 2603 2796 Septimius

141 2811 361 2867 SeveruS,
396 2812 494 2854 dux
528 2811 767 2854 exercitus
801 2811 1076 2865 Pannonici,
1111 2824 1140 2853 a
1174 2811 1402 2853 militibus
1436 2811 1665 2854 Carnunti
1699 2812 1957 2868 imperator
1987 2813 2257 2868 appellatus
2289 2815 2374 2854 est.
2423 2811 2604 2865 (Idibus

285 2990 298 3015 ¹
325 2991 621 3026 Bonwetsch
650 2990 695 3026 G.
723 2991 777 3035 R„
807 2991 882 3026 Die
911 2990 1115 3026 Schriften
1144 2991 1393 3026 Tertullians
1419 2991 1523 3026 nach
1553 2991 1626 3026 der
1653 2991 1737 3026 Zeit
1762 2991 1872 3026 ihrer
1898 2990 2148 3037 Abfassuug‚
2175 2990 2293 3025 Bonn
2321 2990 2425 3025 1878.
2469 2989 2604 3025 Noel-

141 3051 324 3087 dechen
349 3051 458 3087 Prof.
487 3050 556 3086 Dr.
586 3051 639 3096 E„
666 3050 740 3086 Die
768 3050 1111 3097 Abt’assungszeit
1138 3050 1211 3086 der
1238 3049 1441 3087 Schriften
1468 3049 1727 3094 Tertullians,
1754 3049 1926 3096 Leipzig
1954 3050 2058 3085 1888.
2109 3049 2373 3095 Reliquorum
2412 3052 2603 3084 autorum

141 3117 221 3148 tam
249 3117 437 3148 veterum
457 3123 580 3158 quam
609 3118 939 3155 coaetaneorum,
968 3112 1038 3157 qui
1066 3111 1116 3146 de
1144 3112 1229 3146 vita
1244 3110 1484 3146 Tertulliani
1511 3112 1774 3157 scripserunt.
1801 3111 2035 3154 sententias,
2063 3121 2166 3156 quas
2191 3110 2297 3145 bene
2324 3110 2432 3154 novi,
2459 3110 2501 3145 in
2527 3109 2604 3145 hac

141 3177 279 3208 nostra
308 3174 597 3209 dissertatione
623 3183 733 3208 mere
761 3173 1055 3218 chronologica
1084 3172 1233 3206 afferre
1262 3176 1301 3206 et
1329 3172 1533 3206 discutere
1559 3172 1811 3217 superfluum
1838 3171 1932 3205 mihi
1953 3171 2183 3206 videbatur.
2223 3170 2335 3206 Idem
2363 3170 2413 3205 de
2438 3171 2605 3216 scripto-

141 3233 253 3267 ribus
280 3235 338 3267 rei
367 3234 590 3268 litterariae
617 3233 834 3267 dicendum
862 3238 933 3267 est.

284 3292 300 3316 '³
326 3293 419 3329 Dio
448 3293 505 3337 73,
527 3293 582 3336 13,
627 3292 660 3328 5.
690 3292 742 3329 Ut
769 3321 776 3328 .
806 3321 813 3327 .
842 3320 850 3328 .
878 3292 932 3327 illi
960 3291 1120 3338 [Nigro]
1157 3292 1331 3327 solit-iter
1359 3295 1582 3338 optaretur,
1620 3291 1730 3327 illum
1757 3292 1980 3338 principem
2009 3292 2146 3338 superi
2173 3296 2213 3328 et
2238 3291 2349 3328 illum
2368 3289 2603 3338 Augustum

143 3352 319 3398 populus
345 3353 592 3389 acclamaret
620 3351 775 3399 Spart.
803 3352 915 3388 Pesv.
944 3363 976 3387 υ.
1005 3352 1037 3396 Ξ),
1065 3352 1098 3395 ⁶2,
1126 3353 1197 3387 cfr.
1226 3363 1257 3387 c.
1288 3352 1342 3395 19,
1367 3352 1400 3387 3.
