2826 3982
1354 235 1413 279 24

147 384 316 413 verum
349 376 435 425 est,
469 372 639 415 Getam
672 386 796 414 anno
833 374 917 414 198
950 374 1182 428 dignitate
1215 372 1454 414 Caesarea
1492 370 1588 412 iam
1626 369 1854 424 floruisse,
1894 370 1977 413 sed
2015 383 2108 427 quo
2141 375 2353 429 tempore
2385 381 2494 416 eam
2525 371 2605 415 ob-

147 444 355 496 tinuerit,
389 448 684 499 compertum
716 457 811 486 non
842 445 1090 488 habemus.
1139 444 1339 485 Videtur
1370 446 1531 484 autem
1563 453 1671 484 eam
1703 441 1981 496 obtinuisse,
2012 446 2269 499 postquam
2299 443 2477 488 bellum
2498 441 2611 487 Par-

146 515 329 558 thicum
361 516 565 571 primum
597 528 627 557 a
658 519 796 570 patre
829 516 1033 559 feliciter
1064 516 1248 557 finitum
1270 518 1356 557 est.
1390 514 1631 569 Spartiani
1653 514 1782 556 enim
1816 525 1977 557 rerum
2008 517 2253 569 gestarum
2284 514 2529 573 scriptoris
2561 514 2611 562 id

147 588 417 630 enarrantis
448 587 600 630 verba
633 586 774 641 (Geta
805 588 848 642 5,
881 588 910 630 3
943 591 991 631 et
1023 587 1131 630 Sev.
1168 588 1237 640 16,
1270 588 1330 640 2),
1364 586 1615 641 quominus
1649 586 1712 628 ad
1744 586 1924 629 bellum
1952 586 2230 631 Parthicum
2261 588 2480 645 primum,
2512 598 2611 636 non
2659 601 2682 631 ·.

146 658 209 702 ad
232 660 493 703 secundum
514 660 792 714 referamus,
822 660 940 703 nihil
961 662 1131 703 obstat.
1177 660 1250 702 Ita
1280 659 1346 711 fit,
1380 662 1431 700 ut
1463 662 1689 713 tempore,
1724 671 1816 713 quo
1835 657 2160 701 Tertullianus
2182 659 2398 703 libellum
2419 660 2481 705 ad
2497 659 2611 703 Sca-

146 731 310 786 pulam
340 732 670 787 proconsulem
702 731 842 786 misit,
876 735 1024 786 eruto,
1057 743 1225 774 verum
1258 742 1445 785 quoque
1477 734 1664 785 tempus
1696 730 1915 785 martyrii
1937 730 2240 773 celeberrimi
2262 743 2323 775 ss.
2342 731 2607 788 Perpetuae

148 806 195 845 et
228 802 489 846 Felicitatis
521 803 824 847 inveniamus
855 804 1015 847 Nonas
1047 803 1245 847 Martias
1277 802 1391 846 anni
1428 802 1508 845 197
1545 814 1590 858 p.
1625 801 1735 846 Chr.

293 876 384 918 Sed
421 875 544 918 haec
591 875 844 919 hactenus!
907 875 975 919 Re
1013 875 1117 931 ipsa
1156 874 1217 918 ad
1256 874 1399 918 finem
1438 873 1684 930 perducta,
1723 873 1891 930 paucis
1928 874 2094 918 verbis
2136 886 2245 918 eam
2277 875 2531 931 complecti
2562 878 2610 919 et

147 948 328 990 fructus
369 947 594 1001 colligere
632 947 781 990 iuvat.
846 947 995 990 Nemo
1027 947 1196 989 doctus
1235 945 1374 988 hodie
1409 945 1576 1000 nescit,
1609 949 1842 1000 quantum
1877 946 1939 988 ad
1971 946 2216 989 historiam
2239 948 2485 990 'ecclesiae
2517 947 2609 1003 pri·

147 1030 348 1061 maevae
381 1021 512 1061 recte
551 1018 949 1062 conscribendam
988 1022 1035 1062 et
1074 1018 1290 1074 inprimis
1323 1018 1384 1060 ad
1423 1017 1779 1073 chronologiam
1821 1018 2059 1062 saniorem
2091 1018 2386 1062 reddendam
2416 1019 2609 1075 prodest

147 1095 505 1145 procuratorum
539 1095 682 1145 atque
715 1092 1051 1146 proconsulum
1084 1102 1222 1133 nosse
1256 1094 1304 1132 et
1335 1090 1528 1132 nomina
1561 1093 1608 1132 et
1638 1094 1868 1146 tempora.
1932 1088 2092 1145 Quare
2137 1101 2332 1146 operam
2372 1092 2420 1135 et
2451 1090 2609 1135 oleum

146 1175 239 1202 non
278 1163 539 1217 perdidisse
580 1163 695 1204 mihi
727 1163 907 1218 videor,
957 1163 996 1204 si
1029 1163 1199 1205 seriem
1232 1162 1582 1218 proconsulum,
1628 1162 1708 1217 qui
1742 1161 2001 1206 Severiano
2033 1164 2246 1217 tempore
2278 1160 2492 1206 Africam
2524 1161 2609 1206 ad-

148 1235 552 1287 ministraverunt,
602 1246 745 1289 quam
778 1234 1135 1277 accuratissime
1174 1233 1275 1277 fieri
1314 1232 1477 1290 potuit,
1517 1232 1672 1277 denuo
1719 1232 1944 1278 contexui
1983 1235 2030 1277 et
2069 1245 2179 1278 cum
2217 1245 2290 1287 ea,
2330 1245 2475 1288 quam
2508 1231 2610 1277 Tis-

149 1310 277 1348 sotus
300 1306 620 1360 concinnavit,
654 1306 1025 1362 comparandam
1047 1306 1282 1363 proposui.
1329 1305 1401 1348 Ita
1424 1305 1549 1348 enim
1582 1305 1772 1361 ponitur
1803 1304 2028 1349 historiae
2059 1304 2422 1361 primordiorum
2454 1304 2609 1349 eccle-

149 1379 248 1420 siae
281 1378 539 1421 Africanae
571 1378 890 1422 firmissimum
924 1378 1297 1422 fundamentum.

860 1485 1130 1522 Proconsules
1161 1497 1273 1531 prov.
1302 1483 1463 1521 Afric-ac
1489 1485 1694 1526 (180-220
1720 1498 1756 1530 p.
1786 1485 1903 1525 Chr.).

292 1568 518 1613 Expunctis
537 1568 725 1614 denique,
747 1570 816 1614 qui
835 1569 1103 1616 expungendi
1123 1575 1227 1613 sunt,
1247 1561 1398 1604 fictitiis
1425 1570 1737 1616 proconsulibus
1755 1570 1926 1616 aliisque
1948 1569 2085 1616 quoad
2113 1573 2274 1616 tempus
2294 1570 2445 1606 rectius
2478 1569 2609 1616 dispo-

145 1629 241 1670 sitis,
269 1628 370 1662 haec
396 1628 531 1673 prodit
558 1630 684 1662 series
710 1630 1002 1673 proconsulum
1025 1630 1190 1663 Africae
1219 1630 1306 1663 eius
1332 1631 1537 1674 temporis,
1565 1639 1646 1674 quo
1674 1629 1952 1663 Tertullianus
1979 1630 2151 1675 scriptor
2178 1629 2477 1664 ecclesiasticus
2505 1629 2608 1664 vixit·

144 1697 193 1722 ac
220 1686 369 1722 floruit.

290 1781 334 1818 Μ.
362 1780 532 1818 Aemilius
560 1781 685 1819 Macer
711 1781 927 1819 Saturninus
956 1783 1100 1828 180s81.

145 1841 194 1877 M.
211 1871 217 1877 .
237 1871 243 1877 .
261 1872 267 1877 .
288 1841 533 1879 Saturninus
552 1853 661 1889 proc.
676 1841 761 1879 Afr.
789 1842 914 1879 Tert.
935 1842 989 1880 ad
1008 1842 1124 1889 Scap.
1140 1844 1163 1879 3
1191 1845 1418 1888 Σατυρνῑνος
1444 1844 1634 1880 Usener
1655 1849 1747 1880 acta
1766 1848 1881 1879 mart.

2009 1785 2054 1819 P.
2078 1783 2272 1830 Viyellius
2287 1783 2419 1821 Baius
2438 1784 2607 1820 Plarius

1961 1844 2217 1881 Saturninus
2242 1844 2392 1881 Atilius
2418 1845 2608 1881 Bradua-

146 1902 249 1938 Scill.
278 1901 436 1939 Graece
464 1902 525 1938 ed.
542 1901 703 1939 Consul.
724 1903 813 1939 suff.
842 1913 876 1938 a.
906 1903 987 1939 174.
1037 1902 1180 1940 Klein
1207 1904 1301 1940 fasti
1329 1914 1423 1950 pag.
1445 1903 1501 1940 79.
1556 1902 1740 1950 Legatus
1768 1915 1882 1950 prov.

144 1963 359 1998 Numidiae
387 1962 428 1998 C.
450 1962 477 1997 I.
500 1962 544 1997 L.
572 1962 668 1998 VIII
696 1962 802 1999 2131.
829 1962 935 1999 4-209.
962 1962 1059 1998 4210
1085 1962 1235 1998 Renier
1266 1963 1370 1998 1418.
1399 1963 1504 1998 1419.

290 2045 436 2083 cincius
463 2047 550 2082 sive
578 2045 723 2093 cingius
749 2044 911 2085 severus
942 2056 1051 2084 anno
1078 2047 1234 2083 incerto
1261 2046 1468 2089 (180-88).

143 2106 336 2142 Pontifex
363 2106 462 2142 Ael.
490 2106 649 2151 Lamp.
677 2107 762 2142 vita
789 2106 898 2142 Com.
926 2117 958 2141 c.
977 2107 1033 2141 20.
1061 2107 1287 2141 Proconsul
1306 2106 1471 2141 Africae
1498 2107 1606 2142 Tert.
1636 2107 1690 2142 ad
1708 2106 1826 2153 Scap.
1845 2107 1886 2148 3,

144 2165 419 2201 Adversarius
447 2165 614 2211 Septimi
642 2165 795 2209 Severi,
822 2177 846 2200 a
874 2177 955 2210 quo
982 2167 1222 2200 interfectus
1247 2177 1355 2201 anno
1384 2166 1452 2201 197
1479 2171 1549 2201 est.
1600 2166 1758 2211 Spart.
1786 2166 1885 2202 Sev.
1916 2165 1918 2177 ¹

145 2236 176 2261 c.
206 2224 263 2270 13,
290 2225 324 2262 9.

289 2404 510 2453 Vespronius
538 2402 719 2443 candidus
746 2417 854 2441 anno
882 2406 1037 2442 incerto
1066 2405 1299 2447 (182—188).

143 2464 271 2502 Vetus
298 2465 526 2502 consularis
552 2470 593 2502 et
618 2465 780 2514 legatus
809 2469 976 2503 senatus
994 2465 1047 2503 ad
1063 2464 1204 2503 Severi
1222 2465 1367 2503 milites
1392 2466 1538 2503 missus
1561 2464 1717 2512 Spart.
1735 2465 1882 2501 Didius

145 2526 216 2560 Iul.
237 2536 268 2560 c.
290 2526 322 2560 5.
364 2525 454 2561 Dio
483 2525 609 2562 Cass.
630 2526 686 2571 73,
708 2526 762 2562 16.
798 2525 838 2563 C.
855 2525 882 2562 I.
898 2525 941 2562 L.
962 2525 1019 2562 111
1040 2526 1070 2562 1.
1091 2526 1194 2563 1092.
1239 2525 1363 2574 Lapis
1390 2527 1488 2563 anni
1515 2536 1552 2574 p.
1576 2525 1667 2564 Chr.
1688 2525 1880 2563 183—185
1914 2533 1916 2546 ¹

144 2588 388 2627 (secundum
415 2587 737 2633 Borghesium
763 2588 932 2622 annales
953 2588 1045 2622 1855
1065 2598 1158 2632 pag.
1178 2587 1250 2628 32).
1278 2586 1407 2623 Albae
1434 2588 1563 2622 Iuliae
1590 2588 1793 2622 inventus.

288 2767 326 2805 c.
356 2768 502 2804 Helvius
529 2767 696 2804 Pertinax
726 2770 869 2812 188f89.

142 2828 367 2866 Proconsul
392 2826 560 2866 Africae
588 2827 726 2874 Capit
753 2828 858 2865 Pert.
887 2841 918 2865 c.
946 2828 979 2864 4.
1007 2827 1158 2865 Consul
1184 2829 1274 2864 suff.
1318 2828 1463 2863 Klein
1490 2839 1584 2872 pag.
1612 2829 1668 2862 80.
1715 2829 1880 2863 Wirth
1912 2805 1914 2836 ³.

143 2891 300 2934 quaest.
328 2886 420 2925 Sev.
448 2897 543 2936 pag.
570 2886 627 2923 49.

289 2970 333 3009 Μ.
361 2969 484 3009 Didius
511 2969 672 3010 Severus
700 2970 853 3009 lulianus
881 2971 1027 3017 19οἈ91.

143 3032 293 3071 Consul
324 3033 414 3070 suff.
441 3032 594 3071 Klein
620 3043 714 3080 pag.
733 3033 790 3070 80.
815 3032 1051 3070 Proconsul
1078 3031 1164 3069 Afr.
1184 3030 1340 3077 Spart.
1368 3030 1459 3067 Did.
1479 3030 1550 3067 Iul.
1580 3043 1610 3067 e.
1630 3032 1662 3068 2.
1697 3032 1756 3069 Cf.
1775 3019 1912 3070 Bull.-‘

143 3093 249 3128 della
277 3103 418 3128 comm.
446 3092 555 3128 arch.
583 3102 682 3128 com.
711 3092 804 3129 1884
830 3092 869 3128 11
895 3101 991 3141 pag.
1018 3092 1076 3128 90.
1116 3091 1272 3128 Wirth
1300 3093 1455 3138 quaest.
1483 3089 1574 3130 Sev.
1602 3100 1695 3139 pag.
1723 3091 1781 3130 49.

1918 1928 1919 1934 1
1960 1915 2041 1940 nus
2083 1903 2120 1941 Ο.
2153 1903 2355 1941 Aucidius
2393 1906 2605 1942 Tertullus.

1961 1965 2037 2000 180
2056 1974 2099 2010 p.
2130 1962 2223 2002 Chr.

2011 2045 2177 2084 Cincius
2195 2046 2370 2084 Severus
2395 2049 2605 2086 180-190.

2010 2287 2082 2330 Qu.
2098 2287 2299 2326 Servilius
2310 2289 2381 2331 Qu.
2393 2289 2426 2335 f.
2438 2290 2606 2326 Pudens

1916 2389 1917 2393 Ἰ
1960 2347 2170 2383 176—183.

2011 2406 2261 2452 Vespronius
2290 2407 2504 2445 Candidus
2529 2412 2605 2445 180

1959 2468 2093 2502 -190,

2007 2649 2045 2685 C.
2080 2648 2229 2686 Vettius
2256 2650 2514 2687 Sabinianus

1913 2680 1915 2741 1
1956 2709 2096 2752 190191
2114 2709 2160 2753 *).

2006 2770 2044 2805 C.
2054 2770 2224 2806 Helvius
2240 2771 2442 2809 Pertinax
2451 2773 2603 2820 191s92.

2004 2975 2059 3011 M.
2087 2974 2244 3012 Didius
2275 2977 2454 3014 Seuerus
2481 2978 2604 3015 Iulia-

1954 3046 2037 3071 nus
2062 3037 2219 3080 192s93.

288 3274 321 3318 *)
342 3274 381 3311 C.
399 3273 557 3311 Vettius
572 3272 722 3310 Gratus
736 3272 996 3318 Sabinianus,
1015 3273 1158 3309 consul
1178 3272 1261 3308 ord.
1283 3283 1318 3308 a.
1335 3272 1416 3317 221,
1440 3274 1517 3309 fuit
1535 3274 1754 3320 proconsul
1773 3273 1939 3312 Africae
1958 3275 2043 3313 C.'I.
2058 3277 2103 3314 L.
2123 3278 2217 3315 VIII
2234 3279 2317 3316 823.
2337 3279 2394 3315 111
2407 3280 2503 3317 4426
2517 3282 2600 3327 sed,

141 3346 221 3381 quo
241 3339 435 3382 tempore,
452 3335 616 3369 omnino
636 3335 836 3370 incertum
863 3338 933 3370 est.
962 3332 1002 3370 C.
1021 3333 1175 3370 Vettius
1193 3331 1349 3369 Atticus
1369 3331 1615 3370 Sabinianus
1642 3334 1718 3370 fuit
1743 3335 1885 3371 consul
1905 3336 1989 3372 ord.
2009 3337 2080 3374 242
2106 3338 2196 3375 Chr.
2213 3339 2388 3378 ‘Tissot
2406 3352 2500 3389 pag.
2519 3342 2599 3379 128.

2701 653 2744 685 N
