2826 3982
1436 279 1463 320 6

352 411 445 453 Sed
477 411 731 453 redeamus
764 411 888 454 unde
922 410 1101 465 egressi
1133 422 1307 463 sumus,
1341 410 1403 453 ad
1436 410 1588 453 verba
1620 408 1900 453 Tertulliani
1941 422 2087 466 supra
2119 411 2336 455 laudata!
2401 412 2665 455 Praesentis

203 484 388 539 imperii
421 483 594 539 triple-v
626 483 785 537 virtus,
818 483 917 526 Deo
950 487 1013 526 tot
1046 480 1262 539 Auyastis
1293 482 1343 525 in
1373 495 1516 524 unum
1544 481 1742 538 favente.
1807 482 1879 525 De
1904 482 2054 539 pallio
2086 493 2128 524 c.
2161 483 2204 525 2.
2268 482 2405 538 Quae
2436 484 2589 526 verba
2630 483 2671 524 si

206 555 308 598 sola
341 554 719 609 considerantur,
753 554 1029 608 ambiguum
1061 553 1164 607 erit,
1197 556 1356 596 utrum
1388 553 1450 595 ad
1482 565 1526 595 a.
1559 565 1605 608 p.
1640 552 1749 596 Chr.
1786 553 1871 595 193
1903 565 1968 595 an
1999 553 2062 595 ad
2093 566 2244 597 annos
2275 556 2512 598 209—211
2548 556 2669 599 refe-

205 625 359 668 renda
392 625 499 679 sint,
548 629 609 679 et,
648 628 700 667 ut
731 624 1011 667 Tertulliani
1043 623 1206 667 verbis
1239 627 1360 678 utar,
1409 625 1570 666 funem
1618 624 1966 666 contentiosum
2012 624 2118 679 pari
2149 624 2257 667 nisu
2288 625 2401 668 hinc
2432 627 2543 670 inde
2575 630 2671 669 tra-

207 696 390 751 hemus,
439 697 592 753 donec
640 696 769 739 aliud
817 697 1150 750 argumentum
1197 696 1481 750 proferatur.
1545 695 1686 737 Latet
1717 699 1879 738 autem
1911 698 2259 750 argumentum,
2308 709 2402 750 quo
2433 697 2492 740 lis
2524 698 2667 741 facile

207 767 457 821 dirimitur,
492 768 540 810 in
572 768 630 810 iis
661 767 837 821 verbis,
877 766 1048 821 quibus
1080 768 1220 808 autor
1251 766 1385 809 cives
1418 766 1839 820 Carthaginienses
1869 766 2002 809 initio
2034 765 2310 823 alloquitur:
2344 768 2562 821 „Gaudeo
2593 783 2672 812 vos

206 845 302 883 tam
330 854 575 897 prosperos
614 844 878 894 temporum,
927 853 1028 880 cum
1061 839 1127 880 ita
1159 843 1291 881 vacat
1323 853 1376 881 ac
1399 839 1538 896 juvat
1570 839 1749 881 habitus
1780 839 2009 881 denotare.
2075 838 2211 880 Pacis
2242 838 2350 881 haec
2383 844 2424 882 et
2456 854 2666 884 annonae

206 913 314 955 otia.
378 911 447 955 Ab
481 912 670 967 imperio
705 916 745 954 et
777 925 806 953 a
838 912 957 953 coelo
991 912 1097 953 bene
1131 910 1225 953 ceff‘
1259 923 1365 966 cap.
1405 912 1442 953 1.

352 984 424 1027 De
469 984 517 1027 vi
565 996 624 1027 ac
671 984 855 1027 ratione
903 983 1041 1026 verbi
1087 984 1222 1041 pacis
1269 985 1434 1040 postea
1487 983 1719 1026 rationem
1757 982 1987 1026 reddituri
2034 995 2215 1037 sumus,
2264 982 2551 1040 simulatque
2600 983 2669 1027 in·

206 1057 383 1101 dicium
416 1055 656 1113 temporis,
689 1056 815 1112 quod
847 1056 896 1099 in
928 1056 1110 1099 verbis:
1144 1070 1353 1100 annonae
1386 1057 1475 1099 otio
1508 1056 1638 1110 latet,
1671 1055 2099 1099 enucleaverimus.

349 1129 574 1172 Messium
606 1129 802 1172 ubertas
835 1131 882 1171 et
914 1141 1135 1171 annonae
1167 1129 1342 1182 vilitas,
1376 1140 1499 1183 quae
1533 1128 1654 1170 coeli
1685 1128 1905 1182 aerisque
1928 1127 2208 1183 temperiem
2247 1128 2532 1172 naturaliter
2553 1141 2662 1172 con-

206 1205 482 1256 sequuntur,
516 1214 542 1244 e
575 1214 772 1243 numero
806 1213 970 1243 eorum
1002 1201 1232 1244 bonorum
1255 1203 1515 1243 eventuum
1547 1202 1697 1254 erant,
1732 1212 1933 1255 quorum
1971 1200 2201 1244 memoria
2223 1213 2311 1256 per
2331 1200 2664 1258 inscriptiones

205 1285 506 1316 nummorum
560 1273 902 1328 imperatorum
962 1272 1162 1327 posteris
1232 1272 1523 1314 tradebatur.
1609 1271 1842 1327 Inspectis
1896 1271 2040 1326 igitur
2091 1273 2297 1315 nummis
2353 1274 2464 1316 aevi
2520 1274 2663 1327 illius,

205 1345 438 1398 videmus,
487 1357 692 1389 messem
738 1344 935 1388 uberem
968 1346 1015 1388 et
1047 1355 1265 1387 annonae
1299 1343 1531 1385 vilitatem
1580 1343 1966 1399 inscriptionibus
1998 1356 2297 1386 nummorum
2329 1346 2444 1386 anni
2474 1358 2520 1401 p.
2555 1345 2665 1388 Chr.

209 1417 293 1460 193
328 1415 579 1471 celebrari,
627 1419 727 1459 tam
775 1415 823 1458 in
856 1416 1059 1459 nummis
1092 1415 1256 1458 Severi
1304 1415 1499 1470 eiusque
1533 1415 1785 1468 CaesariS,'
1818 1415 1968 1458 Clodii
1999 1416 2174 1469 Albini,
2224 1429 2366 1470 quam
2415 1418 2665 1459 Pescennii

204 1488 470 1532 adversarii
503 1487 618 1530 eius.
668 1486 830 1541 Quare
863 1500 957 1529 non
989 1489 1061 1529 est
1093 1487 1303 1539 dubium,
1337 1499 1431 1528 non
1464 1488 1615 1527 solum
1649 1487 1947 1528 occidentem
1980 1488 2064 1529 sed
2097 1488 2242 1530 etiam
2274 1489 2505 1531 orientem
2526 1490 2667 1531 uber-

206 1563 304 1603 tate
337 1563 384 1603 et
417 1560 604 1602 vilitate
637 1571 859 1602 annonae
892 1560 1187 1614 perfructum
1221 1570 1339 1600 esse.

349 1631 547 1684 Legitur
579 1631 707 1673 enim
740 1631 788 1672 in
820 1631 912 1672 illis
945 1630 1169 1672 nummis:
1203 1628 1482 1673 SAECVLO
1507 1629 1860 1673 FRVGIFERO
1892 1633 1976 1673 aut
2009 1629 2233 1674 CERERI
2255 1630 2665 1682 FRVGIFERAE,

204 1716 316 1757 pars
348 1714 465 1744 vero
497 1703 653 1744 altera
691 1702 919 1756 symbolis
952 1702 1079 1758 idem·
1109 1701 1488 1755 significantibus
1520 1704 1689 1744 ornata
1721 1707 1806 1757 est,
1852 1714 2025 1757 nempe
2059 1700 2246 1746 Cereris
2279 1703 2450 1758 effigie,
2499 1715 2666 1747 cornu-

203 1774 386 1830 copiae,
420 1773 691 1829 manipulis.
756 1773 892 1816 Talia
924 1772 1211 1816 numismata
1244 1784 1318 1815 ex.
1352 1784 1422 1827 gr.
1455 1775 1565 1816 sunt
1595 1772 1719 1816 haec
1747 1771 1933 1816 Severi:
1966 1773 2088 1816 IMP.
2122 1773 2258 1817 CAE.
2290 1774 2342 1817 L.
2376 1773 2500 1818 SEP.
2533 1773 2662 1817 SEV.

202 1845 374 1889 PERT.
408 1845 553 1888 AVG.
588 1857 698 1888 cum
729 1845 1056 1904 inscriptione:
1110 1843 1277 1888 SAEC.
1311 1844 1582 1888 FRVGIF.¹
1645 1845 1788 1888 Aliud
1836 1846 2073 1888 numisma
2104 1846 2250 1889 habet
2281 1846 2662 1902 inscriptionem:

203 1916 484 1961 SAECVLO
517 1916 762 1961 FRVGIF.
796 1917 889 1960 ΤΒ.
923 1917 972 1960 Ρ.
1005 1916 1049 1960 S.
1084 1916 1162 1960 C.²
1210 1930 1271 1960 ex
1303 1930 1398 1972 qua
1431 1920 1647 1973 apparet,
1696 1917 1812 1961 illud
1860 1917 1972 1961 anni
2015 1917 2100 1971 193
2139 1930 2257 1962 esse.
2322 1917 2472 1962 Clodii
2504 1918 2663 1963 Albini

203 2003 391 2047 quoque
423 1989 605 2033 nummi
637 2001 732 2033 non
764 1989 907 2045 pauci
955 1988 1157 2032 eandem
1197 1988 1553 2046 inscriptionem
1601 1989 1781 2033 habent
1828 2001 1903 2033 ex.
1937 2001 2007 2044 gr.
2040 1990 2098 2033 D.
2138 1989 2271 2034 CLO.
2304 1989 2427 2034 SEP.
2460 1990 2661 2034 ALBIN.

204 2062 370 2106 CAES.
405 2065 453 2104 et
484 2063 533 2104 in
566 2062 720 2104 altera
751 2066 889 2116 parte
922 2060 1200 2105 SAECVLO
1233 2060 1586 2105 FRVGIFERO
1621 2061 1746 2106 COS.
1780 2062 1867 2105 11³.—

346 2135 556 2177 Similem
603 2133 961 2188 inscriptionem
992 2133 1172 2177 nummi
1204 2133 1454 2178 Pescennii
1486 2133 1618 2189 Nigri
1666 2146 1783 2191 prae
1816 2146 1868 2180 se
1900 2135 2071 2191 ferunt,
2113 2136 2213 2180 scil.
2247 2135 2369 2190 IMP.
2403 2134 2571 2180 CAES.
2606 2135 2657 2180 C.

201 2207 364 2251 PESC.
387 2205 578 2250 NIGER
598 2203 751 2250 IVST.
775 2203 919 2250 AVG.
944 2203 1069 2251 COS.
1093 2204 1137 2249 ΙΙ
1160 2204 1208 2249 in
1230 2205 1381 2249 altera
1413 2208 1549 2263 parte
1573 2205 1797 2251 CERERI
1818 2206 2090 2251 FRVGIF.⁴
2122 2207 2438 2251 Pescennium
2469 2209 2660 2264 quidem

201 2279 275 2322 bis
298 2278 541 2322 consulem
563 2277 708 2322 fuisse
741 2280 943 2333 constat,
977 2277 1147 2334 prioris
1179 2281 1341 2322 autem
1363 2279 1639 2322 consulatus
1672 2282 1859 2336 tempus
1891 2280 2150 2335 ignoratur,
2184 2281 2381 2322 alterius
2413 2293 2508 2322 non
2530 2281 2657 2322 item.

201 2350 400 2397 Constat
432 2350 559 2395 enim
591 2350 762 2395 iterum
794 2361 903 2394 eum
936 2351 1179 2394 consulem
1212 2351 1394 2394 factum
1426 2362 1545 2405 esse,
1579 2363 1622 2394 a.
1645 2363 1690 2408 p.
1715 2351 1824 2393 Chr.
1851 2352 1936 2393 185
1958 2352 2093 2407 isque
2116 2354 2391 2394 consulatus
2422 2354 2662 2394 secundus

200 2424 249 2468 in
282 2423 502 2467 omnibus
534 2422 636 2465 eius
666 2422 870 2465 nummis
901 2422 1146 2478 appositus
1178 2427 1264 2464 est.
1329 2423 1655 2465 Tribuniciam
1687 2436 1804 2465 vero
1844 2426 2131 2477 potestatem
2178 2438 2424 2478 nunquam
2471 2425 2662 2471 habuit:

198 2507 364 2552 quare,
414 2507 507 2550 quo
556 2506 681 2537 anno
720 2494 821 2536 eius
858 2493 1038 2535 nummi
1084 2494 1299 2549 percussi
1331 2495 1438 2548 sint,
1489 2498 1648 2536 utrum
1685 2495 1770 2537 193
1803 2498 1887 2537 aut
1922 2496 2022 2550 194,
2060 2508 2148 2550 per
2178 2508 2230 2539 se
2261 2495 2449 2539 definiri
2480 2496 2659 2551 nequit.

199 2567 358 2623 Quum
391 2579 508 2611 vero
547 2568 746 2621 constet,
786 2565 951 2608 Severi
983 2577 1199 2608 nummos
1231 2566 1558 2621 inscriptione:
1610 2566 1765 2610 Cereri
1793 2568 1963 2625 fruqif.
1996 2572 2189 2610 ornatos
2221 2580 2385 2610 omnes
2418 2580 2543 2611 anno
2579 2568 2664 2611 193

197 2652 452 2698 percussos
484 2652 604 2693 esse,
653 2651 747 2680 non
780 2638 1050 2691 ambigitur,
1099 2638 1243 2678 etiam
1275 2638 1524 2680 Pescennii
1572 2652 1790 2681 nummos
1822 2640 1945 2682 tales
1977 2639 2190 2683 eiusdem
2222 2639 2336 2683 anni
2369 2652 2487 2684 esse.
2550 2639 2663 2684 Ideo

196 2712 516 2770 improbanda
564 2714 636 2755 est
668 2711 825 2768 opinio
861 2709 950 2752 viri
982 2710 1041 2752 cl.
1076 2709 1310 2763 Eckhel,
1361 2710 1441 2765 qui
1474 2723 1692 2754 nummos
1724 2709 1890 2754 Severi
1922 2710 2005 2755 illa
2037 2709 2347 2768 inscriptione
2386 2713 2578 2756 ornatos
2610 2711 2658 2756 in

196 2787 424 2828 honorem
458 2785 560 2828 eius
592 2795 843 2839 percussos
891 2786 938 2825 et
986 2782 1181 2824 emissos
1230 2795 1334 2824 esse
1383 2786 1532 2837 putat.
1596 2783 1725 2826 Dicit
1758 2783 1898 2838 enim,
1947 2783 2074 2827 hunc
2113 2783 2451 2840 imperatorem
2483 2784 2658 2828 eximia

197 2871 315 2900 cura
355 2858 425 2900 rei
465 2856 808 2899 frumentariae
841 2854 1120 2909 providisse,
1170 2854 1236 2896 ita
1282 2856 1332 2896 ut
1365 2854 1478 2897 urbs
1510 2854 1660 2898 Roma
1698 2867 1942 2911 nunquam
1983 2856 2142 2912 inopia
2174 2856 2455 2900 laboraret⁵.
2519 2856 2656 2911 Quod

198 2930 389 2985 quidem
437 2940 617 2983 negare
650 2927 880 2980 nolumus,
930 2926 1013 2969 sed
1046 2938 1191 2981 quum
1224 2925 1513 2969 Pescennius
1562 2926 1731 2971 eadem
1764 2927 2070 2984 inscriptione
2104 2940 2216 2970 usus
2248 2928 2322 2983 sit,
2356 2931 2540 2972 certum
2573 2933 2661 2973 est.

344 3121 357 3143 ¹
384 3120 548 3156 Cohen
573 3120 595 3154 l.
624 3131 657 3154 c.
683 3119 735 3153 IV
763 3129 858 3163 pag.
884 3119 931 3152 65
958 3118 1023 3152 Nr.
1051 3118 1124 3152 620
1150 3122 1189 3152 et
1217 3117 1297 3152 621.

342 3179 358 3203 2
384 3180 483 3216 Ibid.
513 3180 579 3215 Nr.
607 3179 690 3214 637.

343 3239 358 3262 ³
384 3239 551 3276 Cohen
579 3239 601 3275 1.
630 3251 662 3275 c.
690 3242 715 3274 t.
743 3237 801 3274 III
828 3247 922 3284 pag.
949 3237 1019 3272 421
1047 3246 1156 3282 seqq.
1188 3236 1255 3271 Nr.
1283 3236 1437 3271 ‹55—72.
1491 3236 1670 3282 Duruy
1698 3237 1719 3271 l.
1749 3249 1781 3272 c.
1809 3248 1903 3283 pag.
1931 3238 2012 3273 251.

341 3299 357 3322 ⁴
383 3300 544 3336 Cohen
572 3304 597 3336 t.
632 3300 690 3335 III
718 3309 813 3346 pag.
840 3298 912 3333 406
938 3308 997 3332 nr.
1028 3296 1170 3331 12—14
1196 3300 1235 3332 et
1264 3297 1319 3331 19.

341 3360 357 3381 5
384 3361 566 3395 Eckhel
601 3360 652 3396 de
680 3360 808 3394 doctr.
836 3368 945 3392 mun.
973 3357 1057 3391 VII.
1087 3357 1124 3390 ΙΙ
1151 3367 1246 3402 pag.
1276 3357 1345 3391 162
1371 3362 1411 3392 et
1440 3358 1519 3392 169.
